3194 5408
590 483 691 559 anuo
712 486 786 537 1491
1248 481 1295 535 lu

80 613 138 678 mli
148 618 352 675 acincaroerari
361 636 394 674 ao
406 637 451 675 eos
461 619 609 676 enormiter
619 621 732 677 diversis
744 622 856 686 vicibus,
868 620 1025 676 crudelibus
1033 623 1060 675 et
1068 618 1296 676 intollerabilibus

83 686 186 755 ¹0¹¹luis
196 702 378 771 quaestionari
391 707 419 757 et
430 703 561 758 torturari
580 704 754 772 ipsorumque
765 723 916 773 processis,
935 705 1035 771 absque
1047 703 1120 772 juris
1132 703 1226 758 ordine
1238 721 1291 758 ser·

90 781 153 846 luto,
168 783 288 839 dedistis
298 783 411 839 torturis
422 786 499 839 nulla
515 785 610 841 habita
626 787 773 850 mentione,
792 788 922 849 fecerant,
935 802 967 839 ac
978 803 1024 839 eos
1035 784 1064 838 in
1075 784 1189 839 diversis
1201 786 1294 853 poenis

92 858 231 921 amandis
241 867 505 934 condemnaverant3
524 869 558 923 ob
573 869 646 936 quod
663 868 735 923 idem
752 873 913 937 procurator
930 872 1020 922 noster
1037 867 1173 936 generalis
1199 885 1292 922 omnes

97 949 224 1006 mulsos
233 965 382 1019 processus,
396 953 453 1004 tam
465 950 494 1004 in
506 949 584 1005 curia
601 951 707 1005 comitis
720 951 821 1005 Artesii
832 969 913 1017 quam
928 950 957 1004 in
977 949 1055 1004 ouria
1070 949 1255 1005 ecclesiastica
1266 952 1297 1005 iu

97 1020 271 1088 diuamauna
281 1033 418 1088 valderiae
436 1035 521 1088 factos
538 1034 673 1098 abusivos,
694 1036 785 1098 falsos,
804 1034 902 1096 nullos,
921 1038 1016 1087 contra
1032 1036 1119 1087 totum
1136 1033 1258 1088 ordinem
1270 1038 1298 1088 et

99 1104 189 1170 ¹⁰rmau
192 1115 317 1184 justitiae
328 1132 377 1183 per
387 1116 561 1172 crudelitates
575 1116 770 1171 intollerabiles
779 1123 807 1171 et
823 1117 903 1171 aliter
914 1134 996 1184 quam
1007 1115 1096 1170 debite
1107 1117 1192 1170 factos
1202 1115 1294 1181 larissa,

10 1222 14 1254 τ.
97 1187 176 1249 didm
190 1196 332 1262 declarari,
351 1214 384 1251 ac
399 1201 538 1264 tamquam
556 1199 623 1252 tales
640 1198 748 1266 publice
766 1199 795 1252 in
813 1204 904 1253 nostra
921 1198 998 1251 curia
1012 1197 1154 1265 disrumpi,
1167 1198 1257 1267 frangi
1269 1204 1297 1254 et

10 1308 13 1313 ·
96 1269 198 1344 hesrai,
215 1279 311 1335 saltem
328 1296 378 1347 per
399 1278 496 1347 ipsam,
515 1297 577 1334 cum
595 1281 720 1335 omnibus
744 1281 892 1344 sententiis,
911 1279 1034 1348 judiciis,
1057 1280 1295 1335 confiscationibus

94 1353 206 1418 bonorum
224 1362 368 1418 mobilium
385 1366 413 1418 et
428 1363 609 1417 immobilium
622 1364 944 1430 condemnationibusque
952 1363 1139 1430 pecuniarum,
1150 1364 1295 1418 exactioni·

92 1435 133 1492 ΒΜ
147 1445 172 1498 a
185 1443 296 1499 metaris
313 1442 375 1497 aliis
397 1459 467 1511 quae
485 1443 575 1498 medio
596 1461 779 1512 processuum,
792 1444 987 1498 sententiarum
1003 1448 1031 1496 et
1042 1443 1211 1511 judiciorum
1223 1448 1295 1500 unde

87 1525 167 1578 acuta
182 1527 292 1581 fuerunt
308 1525 446 1580 adnullari
462 1530 490 1580 et
507 1525 675 1590 adnihillari,
695 1530 722 1581 et
739 1527 768 1581 id
784 1526 917 1589 faciendo,
936 1524 1028 1580 omnia
1044 1530 1072 1580 et
1092 1527 1202 1594 singula
1223 1529 1294 1582 bona

84 1602 186 1662 mobilia
195 1612 223 1664 et
234 1607 387 1663 immobilia
404 1606 540 1662 dictorum
553 1613 676 1663 actorum
688 1609 795 1663 ratione
812 1609 1020 1676 praemissorum
1040 1613 1119 1675 capta
1135 1609 1297 1664 haeredibus

82 1683 236 1762 ubicumque
253 1691 374 1755 illorum,
387 1690 435 1758 qui
453 1689 588 1745 executati
601 1693 721 1755 fuerunt,
735 1697 762 1746 et
779 1691 891 1745 cuilibet
902 1690 1022 1757 ipsorum
1034 1694 1157 1743 actorum
1168 1691 1198 1743 in
1215 1706 1296 1757 quan·

80 1766 133 1822 ΜΠ)
148 1789 193 1829 eos
213 1774 401 1837 concernebat,
420 1772 476 1827 alia
495 1778 587 1828 autem
605 1776 677 1828 bona
698 1779 726 1829 et
742 1774 916 1829 denariorum
934 1790 1053 1827 summas
1068 1772 1194 1827 omnibus
1211 1772 1294 1826 ilhsa

77 1846 172 1911 quibus
181 1860 302 1912 extortae
320 1859 348 1910 et
368 1859 479 1910 exactae
500 1856 619 1920 fuerant,
632 1856 710 1911 reddi
721 1860 748 1910 et
764 1855 879 1919 restitui,
898 1857 933 1909 ad
950 1871 1050 1922 eosque
1067 1854 1222 1909 faciendum
1236 1857 1294 1921 jam
1395 1906 1398 1911 .

10 1978 14 2005 3
75 1926 160 1990 dictos
170 1940 370 1996 deffensoreset
387 1938 536 2006 quemlibet
553 1938 674 2006 ipsorum
692 1939 827 2006 compelli,
846 1956 951 1993 necnon
963 1938 1056 1993 omnia
1072 1940 1185 1999 arresta,
1198 1953 1293 1990 mauu·

10 2016 13 2033 ¹
73 2018 188 2076 ⁸¹¹¹11⁸ias
208 2026 237 2077 et
253 2021 449 2089 impedimenta
464 2037 546 2088 super
561 2020 718 2089 hujusmodi
740 2020 818 2074 bonis
840 2019 928 2089 posita
955 2019 1011 2097 suis
1032 2018 1155 2086 expensis
1175 2017 1295 2072 amoveri

70 2091 96 2143 tt
111 2094 367 2171 levari3dietosque
384 2106 489 2157 actores
507 2102 536 2157 in
553 2120 602 2156 suo
614 2104 726 2166 honore,
739 2105 811 2157 lama
827 2108 855 2158 et
870 2107 951 2166 statu,
970 2101 1111 2169 inquibus
1127 2105 1190 2155 ante
1207 2101 1294 2155 dictos

69 2186 213 2241 propassus
235 2189 323 2250 erant,
346 2183 451 2252 reponi,
464 2201 497 2237 ac
526 2184 678 2252 praedictos
705 2186 867 2239 deffensores
893 2183 923 2238 in
951 2183 1027 2246 locis,
1045 2182 1074 2236 in
1103 2181 1201 2249 quibus
1228 2181 1295 2236 dicti

64 2261 251 2346 undennis,
263 2266 399 2324 exoculati
411 2271 439 2322 et
450 2267 551 2322 caeteri
563 2267 610 2322 alii
623 2267 781 2335 praedicati,
794 2267 954 2322 scalfaudali
966 2273 993 2322 et
1009 2263 1125 2321 mittrati
1137 2267 1254 2328 fuerant,
1267 2268 1295 2318 ot

62 2352 89 2389 ¹¹¹
98 2340 167 2406 ¹000
177 2352 332 2423 principali,
343 2351 435 2420 inquo
445 2350 594 2418 praedicati
603 2351 769 2415 exstiterant,
781 2368 864 2404 unam
881 2368 990 2404 crucem
1001 2349 1135 2417 lapideam
1144 2348 1290 2416 insignum

60 2433 215 2492 perpetuae
234 2435 392 2499 memoriae,
413 2434 443 2487 in
462 2450 517 2500 qua
534 2452 612 2487 casus
632 2433 813 2501 reparationis
829 2434 1009 2497 contineatur,
1023 2430 1143 2487 construi
1161 2436 1189 2486 et
1205 2430 1292 2500 erigi3

58 2512 257 2586 rmemtoeqoe
268 2517 431 2572 deffensores
441 2515 525 2568 laicos
542 2532 629 2582 poena
646 2515 780 2582 corporali
798 2520 825 2570 et
844 2515 954 2582 publica
974 2515 1122 2568 secundum
1142 2530 1219 2566 casus
1239 2512 1293 2566 exi·

56 2592 315 2668 8⁹¹¹tiumpuniri;
326 2598 472 2652 sinautem
489 2598 572 2651 etiam
589 2597 618 2651 in
635 2596 709 2652 dicta
726 2597 804 2650 curia
821 2603 913 2652 nostra
929 2597 958 2651 in
977 2597 1053 2660 locis,
1071 2595 1101 2649 in
1118 2596 1216 2663 quibus
1227 2597 1294 2650 dicti

55 2660 170 2735 ¹¹¹118us
180 2684 293 2736 fuerunt
304 2679 451 2750 perpetrati
460 2683 487 2732 et
497 2677 643 2742 commissi,
657 2680 798 2732 emendam
809 2680 997 2733 honorabilem
1005 2677 1169 2741 faciendum,
1180 2677 1295 2732 dicendo

55 2745 81 2797 ⁰¹
95 2764 270 2819 proferendo
282 2765 355 2831 quod
367 2762 419 2831 ipsi
429 2762 506 2824 falso,
519 2759 614 2828 inique
626 2778 658 2814 ac
669 2762 751 2815 aliter
761 2778 843 2828 quam
855 2761 944 2816 debite
955 2759 1124 2828 supradictos
1135 2777 1258 2814 excessus
1268 2764 1296 2815 et

56 2823 171 2915 ¹¹¹¹¹sus
181 2850 312 2910 fecerant,
323 2843 514 2900 commiserant
525 2848 552 2897 et
563 2846 794 2911 perpetraverant,
807 2849 834 2898 et
845 2846 880 2897 ob
891 2844 943 2898 hoc
955 2844 1021 2906 Deo,
1035 2840 1121 2905 nobis,
1127 2842 1294 2918 justiciae‘et

58 2906 149 3002 ¹¹9¹&
161 2928 300 2985 actoribus
314 2944 347 2981 ac
363 2925 525 2980 haeredibus
536 2929 741 2979 executatorum
759 2925 865 2979 veniam
878 2925 1054 2993 exposcendo,
1067 2928 1094 2978 et
1113 2941 1163 2990 pro
1182 2925 1296 2979 emenda

62 2994 132 3057 ”¹¹¹¹
141 3009 229 3066 dictos
240 3010 411 3072 deffensores,
421 3012 449 3062 et
459 3007 607 3073 quemlibet
618 3006 739 3074 ipsorum
762 3007 909 3061 insolidum
921 3007 951 3061 in
968 3008 1060 3061 decem
1072 3006 1190 3060 millium
1208 3011 1294 3060 scuto·

64 3088 133 3140 ¹¹¹¹1¹
152 3093 213 3148 auri
230 3108 338 3147 summa
364 3107 431 3158 erga
458 3107 515 3153 nos,
536 3094 564 3144 et
585 3091 620 3143 ad
643 3090 790 3143 tenendum
813 3107 949 3144 carcerem
974 3091 1119 3144 fermotum
1146 3106 1232 3157 usque
1260 3090 1295 3143 ad

70 3152 221 3225 theudam
241 3169 452 3225 satisfactionem
470 3173 497 3222 et
514 3170 742 3236 complementum
760 3168 979 3237 praemissorum,
992 3173 1063 3222 etex
1080 3167 1212 3221 beneficio
1228 3165 1294 3223 dicti

75 3249 255 3308 armantem
266 3251 352 3306 nostri
361 3249 496 3319 generalis
505 3250 540 3303 ad
548 3249 578 3302 in
586 3250 660 3305 dicta
670 3250 784 3304 ecclesia
793 3249 942 3305 cathedrali
952 3249 1122 3304 Atrebatensi
1131 3248 1294 3317 quingentas

80 3327 175 3401 missas,
187 3353 304 3405 quarum
316 3335 435 3389 tresalta
445 3351 520 3397 voce,
534 3335 620 3387 altera
632 3351 697 3387 voce
707 3333 840 3387 submissa
851 3332 946 3387 diebus
954 3331 1009 3385 illis
1017 3332 1115 3399 quibus
1124 3333 1293 3387 condemnat

17 3458 20 3475 =
84 3409 168 3487 llltimo
179 3416 313 3487 supplicio
324 3415 459 3471 executati
470 3417 588 3479 fuerant,
606 3415 661 3469 dici
679 3421 706 3470 et
723 3408 856 3469 celebrari
872 3415 1034 3479 faciendum,
1054 3431 1159 3468 necnon
1175 3415 1293 3469 indicta

98 3499 185 3555 eclesia
201 3517 285 3554 unam
296 3497 475 3566 capellaniam
492 3497 631 3561 calicibus,
645 3496 746 3565 cappis,
761 3497 859 3550 casulis
876 3500 903 3550 et
919 3495 1032 3550 caeteris
1049 3495 1109 3549 aliis
1127 3496 1293 3551 ornamentis

10 3600 29 3643 x
85 3579 228 3639 amnuens
251 3583 385 3637 munitam
407 3583 573 3636 fundandam
596 3600 628 3635 ac
650 3582 726 3634 illam
747 3582 781 3635 de
805 3586 914 3635 centum
937 3580 1069 3633 librarum
1092 3578 1181 3633 reditu
1204 3578 1294 3633 debite

82 3665 246 3721 admortisato
262 3666 418 3729 dolandam,
429 3682 478 3732 pro
498 3665 527 3719 in
539 3682 572 3718 ea
580 3663 701 3731 qualibet
712 3663 757 3717 die
769 3680 851 3717 unam
864 3663 972 3717 missam
990 3663 1024 3715 ob
1041 3662 1176 3716 dictorum
1187 3661 1297 3715 defunc·

80 3752 162 3803 torum
173 3747 328 3801 animarum
344 3747 459 3800 salutem
479 3750 506 3800 et
524 3745 674 3799 remedium
692 3744 821 3810 dicendo;
832 3748 859 3799 et
870 3745 904 3798 ad
921 3744 1021 3798 eisdem
1038 3743 1173 3797 defunctis
1189 3746 1217 3797 et
1233 3742 1295 3795 aliis

76 3830 208 3885 actoribus
225 3828 379 3883 viventibus
395 3845 441 3882 seu
459 3845 554 3882 eorum
565 3827 727 3881 haeredibus
739 3844 831 3880 omnes
842 3827 1015 3880 denariorum
1027 3843 1145 3879 summas
1156 3841 1238 3892 super
1248 3842 1294 3878 eas

72 3917 173 3980 captas,
198 3914 312 3973 exertas,
336 3914 455 3964 extortas
476 3917 504 3964 et
526 3910 628 3962 levatas
651 3908 817 3962 reddendum
839 3915 867 3963 et
890 3907 1086 3962 restituendum
1108 3905 1292 3967 condemnari,

32 4016 36 4023 ·
70 3992 288 4063 supradictisque
308 3991 418 4045 vicariis
438 3990 503 4045 dicti
524 3989 642 4057 episcopi
661 3989 845 4044 Atrebatensis
862 4006 895 4042 ac
911 3988 1037 4042 omnibus
1056 3988 1117 4041 aliis
1137 3991 1164 4041 et
1180 3985 1293 4041 cuilibet

67 4079 202 4146 ipsorum,
211 4090 245 4127 ne
253 4072 303 4140 ipsi
315 4089 331 4126 a
343 4073 423 4126 modo
434 4071 547 4126 torturis
556 4070 809 4138 quaestionibusque
817 4071 980 4137 supradictis
989 4074 1137 4132 uterentur,
1146 4070 1195 4122 sub
1205 4084 1292 4135 poena

66 4161 180 4214 centum
193 4171 348 4208 marcarum
359 4153 420 4207 auri
430 4153 506 4207 nobis
523 4153 746 4221 applicandorum
759 4151 875 4205 inhiberi
888 4158 915 4206 et
925 4152 1041 4206 defendi.

102 4238 238 4293 Dicebant
245 4236 360 4290 ulterius
370 4235 522 4303 praedictae
531 4239 620 4302 partes
629 4234 694 4286 hinc
706 4233 770 4287 indo
780 4238 835 4287 tam
847 4233 1022 4301 repplicando
1034 4250 1114 4301 quam
1126 4230 1290 4299 duplicando

64 4324 153 4395 plura
169 4320 243 4373 facta
258 4323 284 4372 et
303 4317 422 4371 rationes
439 4317 473 4370 ad
491 4315 659 4384 supradictos
679 4317 746 4368 fines
763 4332 812 4382 per
830 4332 875 4368 eos
894 4316 1088 4378 concludendo,
1102 4313 1292 4381 superquibus

63 4401 198 4476 partibus
214 4399 279 4467 ipsis
300 4416 348 4466 per
364 4399 466 4452 dictam
482 4399 587 4452 curiam
605 4403 724 4451 nostram
741 4397 776 4450 ad
793 4398 902 4464 plenum
919 4397 985 4449 hinc
1001 4396 1064 4451 inde
1075 4395 1183 4459 auditis,
1196 4395 1289 4448 eadem

63 4483 152 4543 curia
163 4484 256 4537 nostra
267 4480 353 4536 dictas
364 4486 453 4551 partes
464 4482 499 4537 ad
511 4481 713 4550 producendum
725 4497 805 4548 penes
816 4497 876 4534 eam
887 4478 1017 4548 quicquid
1032 4480 1181 4548 producere
1192 4477 1290 4532 vellent
