3194 5408
606 500 705 553 ANNO
725 501 799 554 1482
1261 503 1308 554 453

113 637 192 692 Acta
207 637 318 693 fuerunt
334 637 402 693 haec
419 636 541 694 Parisius
558 638 587 692 in
607 639 667 694 loco
685 637 841 706 supradicto
855 637 883 692 S.
901 636 1054 692 Mathurini
1065 639 1115 692 sub
1126 655 1207 703 anno,
1220 638 1305 694 indie·

74 720 171 784 tione,
192 719 247 785 die,
267 737 358 776 mense
377 728 404 777 et
424 721 584 791 pontificatu
607 720 760 790 praedictis.
786 720 976 776 Praesentibus
996 721 1031 775 ad
1049 722 1117 776 haec
1140 721 1258 791 egregiis
1280 726 1308 777 et

77 803 252 860 doctissimis
270 804 337 859 viris
358 805 496 875 magisttis
514 805 634 860 Antonio
657 804 730 868 Ursi,
754 803 891 858 Iohannes
912 803 945 856 de
968 802 1090 867 Haillies,
1109 804 1256 859 Laurentio
1273 805 1306 858 de

81 889 214 953 Colonia,
234 887 382 943 Guillermo
400 887 585 956 Houpelande,
602 887 705 941 Iacobo
724 885 867 949 Lhuillier,
885 886 1033 941 reverendo
1057 885 1086 939 in
1104 886 1210 941 Christo
1229 890 1306 954 patre

80 969 202 1026 domino
226 969 332 1024 Ioanne
357 969 453 1023 abbate
481 964 640 1030 Harbliloci,
666 966 770 1023 ordinis
794 965 991 1030 Cistarciensis,
1015 965 1151 1035 Stephano
1175 966 1306 1031 Gervasii,

82 1052 260 1108 Johanncde
270 1052 405 1121 Tongues,
421 1051 546 1106 Iohanne
563 1050 687 1114 Quintia,
706 1066 800 1104 sacrae
816 1049 969 1118 theologiae
986 1051 1189 1118 professoribus,
1201 1068 1307 1106 necnon

83 1131 298 1203 quamplurimis
315 1132 378 1188 aliis
395 1132 425 1187 in
444 1150 544 1202 magno
563 1150 685 1197 numero,
704 1136 761 1186 tam
782 1131 949 1186 secularibus
972 1148 1054 1200 quam
1070 1129 1213 1199 religiosis,
1225 1128 1308 1184 etiarn

83 1232 184 1271 sacrae
204 1214 358 1286 theologiae
383 1215 591 1284 professoribus,
620 1214 732 1271 testibus
755 1214 792 1269 ad
814 1212 962 1281 praemissa
983 1212 1085 1269 vocatis
1107 1211 1260 1281 specialiter
1280 1214 1309 1268 et

120 1379 160 1433 Et
174 1395 226 1448 ego
237 1377 372 1433 Hernicus
387 1378 544 1442 Alexandri,
562 1379 710 1447 presbyter,
722 1377 753 1432 in
767 1380 832 1447 jure
848 1376 980 1432 canonico
990 1372 1168 1436 bacoalarius,
1181 1371 1305 1441 publicus

84 1460 238 1529 apostolica
254 1464 282 1516 et
296 1459 433 1529 imperiali
448 1459 656 1515 auctoritatibus
670 1477 703 1514 aa
716 1461 885 1515 venerandae
896 1459 989 1514 sitriae
1001 1454 1212 1513 conservationis
1224 1453 1305 1522 privi-

84 1542 226 1612 legiorum
244 1542 416 1597 Ιωοεὶεείωἰ
436 1542 520 1597 studii
540 1541 700 1597 Parisiensis
714 1544 824 1611 juratus
844 1539 967 1595 notarius
989 1540 1195 1608 praedictaeque
1216 1538 1305 1592 almae

84 1621 244 1694 theologiae
272 1624 411 1680 facultab's
428 1622 526 1687 scriba,
550 1626 615 1692 quia
637 1623 837 1691 praedictorum
859 1622 1037 1677 articulorum
1057 1625 1085 1677 et
1107 1619 1307 1675 informationis

84 1723 139 1776 pro
158 1709 236 1774 parte
254 1705 367 1774 capituli
384 1706 562 1760 Tomacensis
578 1705 749 1774 supradictae
765 1706 853 1759 almae
871 1703 1024 1773 theologiae
1040 1703 1163 1759 facultati
1180 1719 1304 1771 praesen·

84 1786 187 1845 onom
198 1790 226 1842 et
234 1787 397 1843 exhibitioni
407 1787 660 1855 praedictorumque
671 1787 850 1843 articulorum
861 1785 1055 1841 examinationi
1066 1791 1093 1841 et
1108 1783 1304 1854 qualificationi

83 1868 256 1937 caeterisque
266 1869 420 1938 praemissis
430 1870 555 1924 omnibus
566 1874 593 1925 et
603 1869 728 1938 siugulis,
740 1869 805 1923 dum
817 1869 865 1929 sic,
879 1873 1002 1936 utsupra
1013 1869 1178 1931 scribuntur,
1192 1884 1304 1936 agerun-

81 1955 174 2008 unet
189 1951 293 2014 flerent,
311 1968 367 2006 una
383 1969 446 2006 cum
468 1952 679 2020 praenominatis
695 1952 807 2006 testibus
819 1969 945 2019 praesens
961 1951 1073 2006 interfui
1087 1967 1172 2017 eaque
1188 1948 1228 2002 sic
1245 1947 1305 2003 fieri

81 2032 145 2089 vidi
164 2036 193 2088 et
209 2032 310 2089 audivi.
322 2033 428 2089 Idcirco
445 2033 510 2088 huie
526 2034 705 2089 instrumento
721 2033 830 2102 publico
847 2033 959 2089 alterius
970 2050 1053 2088 manu
1069 2030 1187 2085 tidelitar
1203 2030 1304 2098 scripto

80 2114 198 2185 signum
208 2132 298 2170 meum
308 2115 448 2184 publicum
460 2121 617 2171 consuetum
634 2115 756 2184 apposui,
769 2114 891 2170 infidam
908 2121 936 2170 et
952 2113 1134 2170 testimonium
1146 2112 1304 2180 praemisso·

81 2215 160 2262 mm,
174 2197 319 2266 requisitus
328 2202 357 2253 et
365 2210 486 2267 mganis.
499 2198 543 2251 &a
553 2201 713 2266 signatum:
727 2196 863 2251 Henricus
875 2196 1034 2251 Alexandri.

117 2280 153 2345 (ll
172 2278 260 2347 primo
278 2280 395 2350 registro
413 2278 492 2335 MSS.
515 2281 696 2335 Censurarum
716 2297 810 2334 sacrae
830 2280 967 2335 facultatis
991 2277 1161 2342 Parisiensis,
1179 2277 1226 2332 fol.
1247 2281 1302 2332 106.

79 2363 163 2418 Idem
179 2366 383 2418 monumentum
393 2363 431 2418 tin
448 2363 536 2418 lucem
552 2362 655 2417 editum
674 2363 726 2417 fuit
744 2361 774 2416 in
793 2362 863 2417 libro
880 2365 920 2416 sic
939 2362 1085 2430 inscripto:
1105 2361 1175 2416 Jean
1191 2359 1303 2425 Gerson,

78 2448 203 2502 &mon
217 2444 346 2499 touchant
364 2445 394 2498 la
412 2443 578 2499 Hierarcbis
595 2445 629 2498 de
649 2445 772 2513 I'Eplise,
785 2448 837 2498 etc.
856 2445 983 2512 imprime
1000 2449 1017 2498 t
1034 2444 1128 2499 Troies
1144 2459 1197 2511 par
1207 2442 1303 2498 Pieria

80 2528 231 2594 chanun,
247 2528 301 2582 l’an
318 2531 391 2582 moa.
411 2527 481 2582 Tum
501 2528 593 2595 aliqua
611 2545 645 2582 ex
662 2530 739 2596 parte
759 2526 831 2581 inter
851 2528 982 2594 quaedam
1002 2532 1122 2582 exhacta
1142 2527 1176 2580 de
1192 2524 1305 2591 jndioiis

78 2609 282 2668 parisiensium
292 2609 485 2679 magistrorum
499 2626 580 2677 super
591 2612 721 2677 potestate
736 2606 939 2662 eoelestiastica.
953 2608 1083 2663 Biblioth.
1095 2608 1172 2662 Sorb.
1184 2606 1218 2660 U.
1228 2605 1302 2670 VIII,

78 2698 117 2751 13
136 2697 164 2749 at
180 2696 220 2748 1⁴.
240 2692 276 2748 Et
293 2692 324 2747 in
339 2691 510 2747 Bibliotheca
526 2691 663 2748 canonica
680 2689 803 2745 Bochelli
821 2707 884 2744 oum
901 2690 1091 2746 additamentis
1108 2691 1138 2747 (Ι.
1152 2691 1301 2756 Blondeau,

78 2781 155 2834 tom.
167 2774 190 2840 1,
202 2791 264 2848 pag.
278 2777 350 2842 aab.)

348 2884 486 2957 Dupleasis
497 2885 665 2954 d'Argentrt,
679 2881 739 2938 deal
749 2881 772 2948 I,
785 2881 850 2937 stnk
860 2880 896 2947 11,
909 2882 960 2938 bln.
973 2885 1091 2939 notam.

673 3070 762 3142 372.

133 3268 237 3346 1482,
265 3266 409 3334 Utrum.
440 3262 619 3331 Uittreksel
643 3263 692 3330 uit
714 3263 776 3329 den
798 3260 981 3349 tijdgenoot
1004 3261 1143 3328 Thomas
1167 3263 1304 3330 Basinus

75 3392 166 3444 over
181 3370 335 3454 sommige
357 3367 573 3433 Utreohtsche
597 3365 824 3455 geestelijken‚
844 3364 896 3431 die
912 3364 983 3429 zieh
1001 3385 1079 3430 voor
1094 3364 1304 3451 inquisiteurs

74 3477 252 3563 uitgaven.
279 3475 383 3540 —In
410 3473 472 3539 den
496 3473 591 3559 strijd
619 3473 775 3540 tussehen
799 3473 861 3538 den
886 3471 1126 3541 Utrechtsohen
1150 3470 1327 3558 biaschop'

74 3580 187 3649 David
209 3601 273 3648 van
293 3576 497 3664 Bourgondit
519 3599 560 3643 en
595 3576 702 3662 zijnen
738 3575 971 3663 tegenstander
993 3574 1213 3660 Engelbreeht
1235 3595 1299 3641 van

73 3681 185 3751 Kleef
193 3683 258 3751 had
273 3703 354 3770 pana
369 3681 478 3749 Sixtus
494 3681 542 3748 IV
557 3701 636 3747 eene
660 3679 716 3748 bul
739 3686 837 3766 tegen
862 3679 962 3746 denen
979 3678 1098 3746 laatste
1113 3680 1300 3764 nitgeraar-

72 3784 177 3872 digd;
194 3804 285 3852 mear
299 3785 454 3870 sommige
469 3784 695 3873 geestelijken‚
721 3783 771 3849 die
787 3782 859 3848 zieh
881 3781 1077 3850 beroemden
1091 3781 1301 3869 inquisiteurs

70 3897 116 3961 te
132 3887 212 3976 zijn,
230 3886 402 3974 predikten
417 3890 517 3974 tegen
533 3885 572 3953 de
587 3887 707 3955 kracht
722 3886 793 3953 dier
807 3884 876 3952 bul.

117 4107 197 4139 ...η
215 4071 269 4135 Qui
279 4071 371 4136 etiam,
383 4076 415 4126 ut
432 4072 498 4127 fides
508 4072 548 4126 eis
564 4072 680 4140 amplius
696 4071 852 4136 haberetur,
865 4073 985 4128 officium
1004 4073 1190 4141 Inquisitionis
1205 4073 1302 4128 haere·

69 4157 154 4212 ticae
166 4153 310 4221 pravitatis
319 4172 347 4208 se
359 4154 497 4209 iactabant
507 4154 618 4209 habere.

345 4264 463 4318 Thomas
475 4264 658 4327 Basinusltes
664 4271 758 4333 gestae
767 4268 799 4317 in
809 4266 974 4331 Holloudio,
983 4267 1095 4321 dimensi
1109 4268 1298 4334 Ultroieetina,

374 4350 458 4399 annis
470 4348 620 4411 {tat-ttae,
628 4347 792 4415 nitgegeven
800 4349 868 4402 door
878 4349 1033 4403 Matthaeus
1043 4349 1074 4402 in
1083 4351 1302 4416 zijnelnalecta,

374 4432 411 4496 (2⁰
422 4429 542 4498 uitgave,
556 4430 615 4485 deel
628 4431 647 4491 1,
666 4431 719 4483 blz.
735 4431 805 4495 564).
824 4460 855 4471 -
877 4432 924 4488 Zie
935 4431 1011 4490 Moll,
1026 4431 1300 4501 Kertpemtiedsnis,

376 4513 436 4568 deel
450 4513 484 4576 Il,
501 4515 526 4567 1⁶
535 4513 609 4578 stuls,
622 4514 673 4567 blz.
687 4514 749 4567 226.
