3188 5408
607 117 707 176 anuo
727 75 803 175 ius
1268 123 1316 176 aas

10 272 28 326 p
45 247 98 341 ἂρ
132 258 333 327 fovendo,
346 261 516 331 receptando,
528 261 694 318 defendendo
710 263 845 331 praefatos
862 261 1002 317 damnatos
1019 261 1152 326 homines,
1165 261 1231 317 dum
1241 263 1313 318 vive

10 345 108 409 anim
127 339 342 410 humanis,
354 347 397 400 vel
407 345 528 414 ipsorum
539 345 666 413 perfidos
677 363 804 414 sequaces
814 348 840 400 et
859 344 1114 415 pseudodiscipulos,
1128 349 1175 399 aut
1193 346 1314 413 ipsorum
1346 378 1351 387 ·

10 415 198 506 prolibus
226 431 385 493 credendo,
398 447 448 497 pro
467 429 532 496 ipsis
549 430 683 483 defunctis
700 430 743 483 vel
760 430 852 497 aliquo
869 429 989 498 ipsorum
1008 435 1068 497 post
1085 429 1188 484 obitum
1206 432 1311 496 orandi,

10 512 48 575 rel
64 505 187 560 ‘mel'
214 513 384 567 catholicos
395 514 560 567 nominando
577 518 604 567 et
620 514 795 575 defendendo,
810 514 852 568 vel
872 513 943 581 ipsos
960 518 992 568 ut
1008 518 1114 568 sanctos
1131 515 1252 578 colendo,
1265 521 1314 571 aut

10 579 261 674 predicando
278 597 320 649 vel
338 597 475 649 adorando
493 596 536 649 vel
552 596 620 648 alias
632 595 705 649 circa
717 613 762 648 eos
779 600 899 663 suspecte
911 597 1024 665 egendo,
1038 597 1137 652 citetur
1148 615 1197 665 per
1208 617 1255 653 vos
1265 617 1313 654 seu

20 678 163 738 ,iteruin
208 684 350 733 vestrum
373 677 551 744 personaliter
571 694 661 730 coram
684 677 759 731 vobis
782 695 829 730 seu
852 678 938 732 altero
961 683 1080 732 vestrum
1103 681 1312 747 comperiturus,

30 750 151 817 semotis
187 767 395 825 procuratore
414 766 442 815 et
463 763 602 823 advocato,
623 778 798 829 responsurus
819 761 906 814 medio
923 763 1080 828 juramento
1100 780 1148 830 per
1168 763 1255 830 ipsum
1273 765 1313 819 sic

30 839 79 915 'tui
87 839 311 899 praedictum
321 847 370 909 est)
381 844 560 912 corporaliter
569 845 697 910 praestito
710 845 743 897 de
755 844 834 910 plene
844 847 871 897 et
882 860 958 896 mera
974 844 1088 897 veritate
1104 845 1218 899 dicenda
1229 865 1311 915 super

45 914 227 991 praedictis
248 928 370 983 articulis
381 945 427 982 seu
439 945 533 981 eorum
547 926 661 993 singulis
673 927 716 979 vel
727 926 787 978 aliis
800 925 968 993 opportunis,
987 927 1133 979 secundum
1146 927 1312 995 exigentiam

54 1013 122 1055 &⁵¹1⁵
132 1005 174 1054 et
194 1011 420 1064 occurrentium
438 1008 669 1062 circumstantiam
687 1009 721 1061 ad
738 1008 883 1062 arbitrium
899 1012 1017 1061 vestrum
1030 1012 1057 1061 et
1074 1013 1155 1075 prout
1172 1010 1247 1063 vobis
1263 1029 1309 1065 seu

58 1081 127 1138 alleri
151 1097 309 1147 vescum
330 1093 466 1146 videbitur
487 1092 621 1159 expedire,
643 1092 685 1144 vel
708 1091 775 1144 alies
795 1097 889 1146 contra
919 1093 1025 1145 eosdem
1047 1090 1166 1158 ipsorum
1189 1091 1310 1161 singulos

61 1166 130 1234 prout
144 1174 368 1230 praesentibus
380 1174 542 1242 exprimitur
553 1175 596 1227 vel
608 1173 676 1226 alias
687 1173 816 1226 canonice
827 1174 987 1240 procedatis.

92 1246 233 1308 Necnon
249 1261 399 1323 praesentes
415 1256 517 1318 literas,
531 1255 647 1310 exclusis
669 1255 792 1309 articulis
803 1260 831 1308 et
846 1254 1064 1324 intemogatoriis
1082 1254 1205 1322 superius
1217 1254 1310 1322 positis

66 1332 137 1394 atque
168 1339 309 1401 omissis,
333 1339 362 1391 in
385 1338 549 1400 civitatibus,
564 1336 743 1399 dioecesibus,
768 1337 848 1391 terris
870 1342 897 1392 et
918 1338 984 1390 locis
1007 1337 1076 1400 eliis,
1099 1337 1146 1390 ubi
1169 1342 1226 1391 tute
1249 1339 1309 1392 fieri

66 1408 176 1477 Ρθῗθΐῑῐ,
205 1421 378 1476 auctoritate
397 1426 488 1474 nostra
505 1419 661 1474 solemniter
680 1419 822 1487 publicetis
841 1425 868 1473 et
888 1419 1154 1487 publicari'faciatis,
1173 1437 1265 1473 omnes
1282 1426 1309 1476 et

66 1493 202 1560 singulos
237 1504 386 1559 haereticos
399 1502 555 1572 hujusmodi
567 1519 671 1555 necnon
688 1505 833 1556 sectatores
849 1502 970 1569 ipsorum
980 1503 1123 1555 haeresum
1140 1504 1167 1555 et
1183 1519 1308 1556 errorum

67 1574 232 1646 ”illusque
243 1607 329 1652 sexus,
342 1591 463 1641 tenentes
474 1589 501 1639 et
511 1585 593 1639 etiam
604 1585 775 1638 defendentes
786 1587 893 1638 eosdem
904 1590 952 1639 aut
968 1584 1112 1639 haereticis
1121 1586 1185 1653 ipsis
1198 1604 1308 1653 quomo·

66 1654 174 1714 d⁰fibflt
191 1669 312 1733 publice
324 1672 367 1725 vel
379 1671 484 1725 occulte
496 1669 525 1723 in
536 1668 636 1722 divinis
647 1669 690 1722 vel
701 1668 768 1722 alias
780 1669 981 1736 participantes,
995 1667 1108 1721 etiamsi
1120 1667 1306 1736 patriarchali,

67 1735 325 1821 archiepiscopali,
348 1752 503 1820 episcopali,
517 1752 613 1820 regali,
626 1751 752 1820 reginali,
765 1751 855 1805 ducali
875 1755 923 1805 aut
942 1750 997 1804 alia
1014 1751 1109 1818 quavis
1126 1752 1309 1807 ecclesiastice

63 1816 103 1906 rel
122 1834 291 1888 mundana
310 1835 499 1904 praefulgeant
517 1833 668 1902 dignitate;
690 1851 794 1887 necnon
814 1835 957 1887 advocatos
976 1838 1003 1887 et
1021 1838 1210 1900 procuratores
1230 1853 1307 1903 quos·

59 1897 134 1960 hbet»
161 1917 231 1975 qui
247 1917 397 1972 haereticos
413 1917 568 1985 hujusmodi
585 1921 633 1970 aut
649 1933 744 1970 eorum
761 1917 908 1978 credentes,
921 1933 1057 1982 sequaces,
1076 1918 1203 1979 fautores,
1216 1918 1306 1971 defen·

60 1995 132 2032 ΨΜ
148 1995 190 2045 et
207 2005 392 2068 receptatores
409 2016 490 2066 super
501 1999 615 2052 crimine
631 1999 749 2052 haeresis
761 2002 809 2052 aut
826 1998 1002 2061 credulitatis,
1015 2000 1148 2065 sequelae,
1162 2000 1304 2063 tentoriae,

57 2061 251 2155 dese{¹Sionis
263 2087 289 2137 et
301 2082 489 2149 receptationis
501 2081 605 2134 homini
622 2080 799 2144 defenderint,
817 2081 1063 2135 excommunicatos
1074 2081 1195 2150 singulos
1212 2082 1307 2137 diebus

55 2144 232 2218 domulicis
243 2169 270 2219 et
282 2164 383 2218 festivis
400 2163 592 2230 inpraesentia
604 2162 695 2231 populi
714 2163 848 2217 nuncietis
859 2167 886 2216 et
903 2180 951 2230 per
968 2163 1035 2217 alios
1047 2163 1173 2217 nunciari
1189 2164 1304 2219 faciatis.

84 2226 119 2280 Et
148 2240 349 2301 nihilominus
370 2251 465 2300 contre
481 2247 587 2299 eosdem
606 2263 698 2299 omnes
717 2250 744 2299 et
760 2246 881 2314 singulos
898 2246 1039 2313 utriusque
1055 2264 1134 2300 sexus
1150 2247 1306 2317 hujusmodi

54 2324 181 2374 “mres
206 2335 338 2392 tenentes,
352 2332 539 2398 approbantes,
560 2331 740 2393 defendentes,
759 2330 969 2399 dogmatizantes
986 2349 1019 2384 ac
1035 2333 1154 2385 fautores
1170 2335 1197 2386 et
1213 2350 1303 2400 recep

57 2399 178 2486 *²²*pr
195 2415 231 2468 et'
239 2414 391 2467 defensores
410 2414 566 2466 eorumdem
584 2418 719 2480 exemptos
728 2417 755 2467 et
767 2430 820 2466 non
832 2417 968 2480 exemptos
977 2417 1005 2467 et
1015 2413 1162 2481 quemlibet
1173 2414 1302 2481 ipsorum,

61 2487 280 2562 culuscumque
301 2495 450 2564 dignitatis,
464 2498 557 2557 status,
576 2495 813 2562 praeeminentiae,
832 2497 942 2563 gradus,
961 2496 1064 2549 ordinis
1080 2497 1124 2549 vel
1142 2496 1304 2551 conditionis

66 2563 101 2630 tut
117 2572 305 2641 praefertur)
323 2577 447 2639 existant,
461 2576 621 2631 auctoiitate
639 2582 730 2630 nostra
747 2577 893 2646 diligenter
910 2577 1047 2645 inquirere
1065 2578 1202 2641 studeatis,
1215 2582 1243 2633 et
1259 2597 1304 2634 eos

73 2653 139 2730 ‘1¹¹⁰ss
155 2666 213 2717 per
224 2660 426 2725 inquisitionem
444 2658 599 2727 huiusmodi
612 2659 763 2713 diffamatos
774 2661 817 2713 vel
829 2676 877 2726 per
885 2661 1079 2713 confessionem
1091 2678 1184 2714 eorum
1196 2677 1244 2714 seu
1256 2678 1305 2728 per

77 2723 141 2785 itm
158 2739 324 2795 evidentiam
336 2742 378 2796 vel
390 2741 457 2794 alias
468 2741 623 2809 hujusmodi
644 2741 761 2795 haeresis
773 2745 800 2794 et
810 2741 911 2795 erroris
922 2742 983 2795 labe
1000 2759 1134 2809 respersos
1150 2742 1301 2809 reperietis,

86 2811 247 2877 acetositate
267 2824 405 2891 praedicta
424 2823 506 2878 etiam
527 2841 575 2890 per
594 2824 890 2887 excommunicationis,
919 2823 1100 2890 suspensionis
1120 2828 1147 2878 et
1165 2823 1304 2878 interdicti

90 2905 193 2956 necnon
211 2906 369 2973 privationis
390 2905 564 2974 dignitatum,
583 2910 775 2973 personatuum
793 2911 820 2959 ct
836 2906 987 2960 officiorum
1016 2905 1186 2972 aliorumque
1205 2906 1303 2960 beneti-

96 2975 192 3038 c'101'um
203 2986 446 3040 ecclesiasticorum
458 3004 490 3039 ac
502 2987 653 3050 feudorum,
663 3003 732 3053 quae
743 3004 760 3040 a
771 2987 985 3053 quibuscumque
997 2986 1125 3050 ecclesiis,
1134 2988 1304 3042 monasteriis

100 3078 128 3120 ac
139 3063 193 3120 aliis
202 3068 268 3121 locis
276 3068 466 3122 ecelesiasticis
476 3068 607 3131 obtinent,
619 3086 652 3121 ac
664 3068 746 3122 etiam
758 3070 890 3122 bonorum
903 3073 930 3122 et
940 3068 1105 3136 dignitatum
1123 3069 1304 3124 saecularium

100 3148 260 3213 ecgraduum
270 3148 446 3202 scientiarum
458 3164 690 3215 quarumcumque
699 3150 858 3203 facultatum
871 3153 897 3203 et
906 3150 1030 3216 peratiae
1039 3167 1147 3216 poenas,
1158 3151 1304 3204 sententias

99 3231 124 3287 et
133 3246 249 3283 censuras
271 3230 465 3284 ecclesiasticas
477 3247 509 3283 ac
520 3230 578 3283 vias
595 3235 622 3284 et
632 3231 733 3295 modos,
744 3248 810 3298 quos
826 3231 861 3283 ad
878 3230 930 3284 hoc
941 3230 1068 3298 expedire
1079 3248 1127 3286 seu
1138 3237 1304 3299 opportunos

97 3330 147 3372 esse
157 3311 283 3375 videritis,
296 3313 378 3366 etiam
391 3330 440 3380 per
456 3312 593 3379 captiones
610 3316 637 3366 et
653 3312 880 3367 incarcerationes
893 3330 1069 3381 personarum
1081 3319 1108 3368 et
1125 3314 1192 3366 alias
1204 3331 1304 3381 poenas

94 3395 245 3462 corporales,
279 3395 377 3461 quibus
407 3394 537 3449 haeretici
557 3395 706 3462 puniantur
725 3413 772 3449 seu
796 3394 887 3463 puniri
903 3397 1036 3463 jubentur
1054 3401 1102 3450 aut
1122 3397 1208 3451 solent
1223 3399 1304 3465 juxta

89 3478 228 3538 canonicas
252 3478 412 3555 sanctiones.
426 3477 559 3532 Similiter
569 3482 596 3531 et
613 3477 726 3530 clericos
743 3477 814 3544 ipsos
831 3483 858 3532 et
874 3478 1069 3532 ecclesiasticas
1080 3496 1208 3546 personas
1219 3496 1304 3546 usque

85 3565 118 3621 ad
137 3560 357 3628 degradationem
369 3559 509 3622 inclusive,
522 3559 544 3610 si
562 3575 656 3611 eorum
675 3560 755 3626 culpa
772 3577 804 3612 ac
816 3559 965 3627 pertinacia
982 3561 1025 3613 vel
1042 3559 1154 3613 rebellio
1171 3560 1199 3613 id
1212 3561 1304 3629 exigat

82 3651 132 3703 aut
143 3642 271 3709 requirat,
286 3641 429 3708 corrigatis
441 3645 468 3694 et
479 3640 597 3707 puniatis
610 3658 641 3693 ac
651 3640 796 3708 diligenter
807 3642 909 3709 corrigi
919 3647 946 3696 et
958 3642 1049 3709 puniri
1061 3637 1176 3695 faciatis.
1191 3643 1304 3695 Necnon

80 3731 179 3786 contra
199 3727 305 3779 eosdem
328 3725 448 3792 ipsorum
468 3723 654 3791 laicorumque
674 3725 744 3778 bona
764 3727 912 3779 secundum
933 3726 1076 3780 canonicas
1107 3725 1259 3780 sanctiones
1277 3731 1304 3781 et

76 3809 186 3881 legales
207 3811 301 3861 contra
321 3806 472 3860 haereticos
491 3811 518 3860 et
538 3823 632 3859 eorum
653 3824 779 3873 sequaces
798 3808 892 3871 editas,
914 3809 1013 3875 quibus
1032 3809 1139 3862 eosdem
1159 3813 1303 3863 sectatores

74 3898 138 3952 sive
149 3907 277 3957 sequaces
288 3890 428 3957 subjacere
440 3888 619 3950 decernimus,
631 3889 750 3942 animose
759 3889 929 3957 consurgatis
938 3893 1017 3955 juxta
1028 3891 1138 3944 modum
1150 3894 1177 3944 et
1188 3891 1302 3945 formam

72 3973 258 4044 supradictos.
273 3973 308 4026 Et
325 3971 371 4038 qni
389 3972 422 4025 de
440 3970 593 4039 praemissis
615 3971 771 4026 haeresibus
783 3975 826 4027 vel
843 3973 966 4028 articulis
977 3974 1020 4027 vel
1037 3974 1129 4041 aliquo
1147 3973 1302 4041 praemisso·

71 4077 142 4119 rum
156 4056 281 4111 infamati
293 4055 403 4118 fuerint,
417 4056 451 4107 ad
463 4054 607 4108 arbitrium
619 4061 738 4110 s’estrum
750 4074 777 4110 se
789 4074 907 4124 purgare
925 4061 1075 4111 teneantur.
1090 4057 1145 4111 Alii
1162 4075 1235 4120 vero,
1254 4059 1301 4125 qui

70 4157 129 4215 per
150 4141 231 4193 testes
248 4155 294 4191 seu
317 4136 454 4206 propriam
473 4136 666 4191 confessionem
686 4139 729 4192 vel
749 4138 817 4192 alies
837 4139 973 4210 legitimas
992 4139 1164 4207 probationes
1184 4139 1301 4197 convicti
