3188 5408
584 525 685 581 ANNO
704 529 780 580 1466
1236 525 1283 580 415

10 685 12 688 ·
59 669 163 723 bilibus
183 668 378 735 questionibus,
397 683 449 734 que
468 666 550 720 saluti
571 666 863 733 plerumquepossunt
882 666 982 730 obessa,
995 666 1120 733 prodesse
1132 683 1280 733 nunquam,

10 760 13 765 '
57 754 85 802 et
96 748 255 801 salubribus
271 749 431 804 veritatibus
453 748 556 802 aditum
577 748 755 816 indulgendo.
778 747 854 800 Dabo
872 747 959 815 igitur
979 749 1087 802 tandem
1107 749 1219 803 iussioni
1236 754 1282 804 tue

57 846 164 884 morem
176 834 204 884 et
215 831 287 898 quod
306 848 323 884 a
342 849 385 885 me
404 830 677 898 p1·estolaris,lingua
694 847 755 883 mea
775 847 854 884 suum
867 829 988 896 loquitur
999 830 1131 886 iudicium
1144 849 1198 887 non
1210 837 1282 887 certe

56 913 239 968 diffinitiuum
250 919 299 970 aut
309 914 510 983 quomodolibet
521 913 746 969 auctoritatiuum
760 955 876 968 ......
889 916 932 979 (l).

91 997 184 1066 Super
193 997 247 1064 hljs
258 1015 311 1065 que
321 997 423 1053 recenti
440 1016 472 1052 ac
488 999 611 1067 preclaro
629 997 740 1066 ingenio
754 997 787 1053 de
803 998 856 1052 hac
872 998 995 1052 nouitate
1012 996 1245 1065 magisualissime
1256 1002 1283 1051 et

55 1081 195 1137 manime
206 1079 364 1145 disseruisti,
378 1080 531 1148 plenissime
544 1079 700 1145 consentio;
721 1084 749 1134 et
769 1097 839 1143 eam,
854 1096 936 1147 quam
948 1079 1011 1133 inde
1024 1079 1130 1134 traxisti
1141 1079 1283 1134 veritatem

55 1163 146 1218 veluti
158 1162 355 1217 sanctissimam
364 1169 445 1230 atque
462 1161 669 1216 saluberrimam
686 1161 804 1231 suscipio
815 1162 1007 1224 venerandam,
1019 1166 1111 1229 utpote
1123 1162 1284 1216 firmissimis

53 1245 154 1301 diurni
166 1250 247 1313 atque
256 1243 388 1300 naturalis
396 1243 508 1298 luminis
517 1243 650 1311 preceptis
660 1242 862 1297 euidentissime
871 1242 989 1306 enixam,
1001 1243 1045 1297 cui
1055 1248 1082 1298 te
1091 1245 1184 1298 futuro
1193 1243 1284 1298 iudice

52 1328 175 1396 antiqua
192 1328 234 1383 tui
251 1328 378 1393 auditorlj
403 1325 530 1380 beniuole
551 1343 584 1379 ac
604 1325 734 1379 familiari
752 1325 852 1393 fiducia
869 1327 954 1380 uetus
972 1343 1025 1393 que
1042 1326 1174 1395 cogitanti
1198 1325 1282 1380 michi

54 1410 157 1468 nuere
167 1409 304 1473 videntur,
317 1425 390 1464 nunc
402 1408 515 1480 prodere
526 1406 633 1461 institui
647 1449 762 1460 ......
775 1409 818 1471 (2).

90 1490 173 1555 Vale,
185 1495 336 1560 pmoepton
354 1494 382 1544 et
404 1506 457 1557 que
479 1489 552 1542 voles
571 1489 675 1556 impera
694 1488 828 1556 discipulo
850 1493 898 1544 tuo
921 1505 1063 1556 nunquam
1082 1493 1137 1546 tuis
1156 1492 1284 1546 defuturo

54 1573 206 1642 preceptis.

324 1686 469 1752 Carlerius,
482 1687 542 1742 deel
553 1686 588 1752 11,
598 1686 804 1756 Verhandeling
815 1689 856 1742 29.

624 1907 717 1977 339.

22 2208 24 2211 ,
106 2129 243 2219 (mea)
269 2133 343 2198 Juli
361 2133 414 2210 19,
430 2132 546 2217 Rp'sel.
564 2130 745 2198 Antwoord
758 2151 822 2196 van
836 2131 898 2197 Jan
913 2131 953 2197 de
965 2131 1101 2214 noenta,
1116 2133 1285 2200 kanunnik

55 2235 121 2301 der
145 2237 176 2303 S‘
192 2234 403 2302 Pieterskerk
419 2254 484 2301 van
501 2234 616 2322 Rijsel,
635 2255 698 2301 aan
722 2235 831 2321 zijnen
856 2235 1071 2301 leermeester
1086 2236 1149 2302 den
1167 2238 1287 2303 Kame-

55 2335 233 2424 rijkschen
259 2335 363 2401 deken
388 2335 523 2413 Oarlier,
554 2335 605 2400 die
629 2336 703 2401 hem
727 2336 968 2422 geraadpleegd
1000 2337 1064 2403 had
1096 2356 1176 2404 over
1205 2358 1286 2405 eene

55 2439 240 2506 verdachte
256 2438 390 2523 stelling
402 2438 574 2524 gepredikt
596 2437 675 2504 door
691 2459 794 2504 eenen
820 2440 953 2504 monnik
968 2440 1160 2525 aangaande
1181 2441 1286 2508 Maria

56 2563 104 2609 en
121 2541 151 2608 S'
166 2543 230 2609 Jan
251 2541 314 2608 den
337 2542 540 2627 Evangelist.
561 2579 602 2591 -
627 2545 673 2609 De
696 2541 866 2609 kanunnik
884 2562 948 2608 van
966 2543 1068 2631 Rijsel
1089 2543 1186 2611 zendt
1210 2545 1285 2610 hem

55 2644 129 2734 vijf
140 2645 258 2710 redens
274 2650 373 2730 tegen
390 2645 441 2711 die
458 2645 602 2731 stelling.

94 2831 235 2899 Scriptum
249 2831 358 2883 domini
367 2829 506 2883 Iohannis
519 2831 553 2884 de
567 2830 676 2893 Econte,
688 2845 767 2882 sacre
779 2827 914 2898 theologn'e
923 2829 1099 2896 professoris,
1112 2828 1283 2898 thesaurarii

58 2913 175 2968 aecana
184 2916 275 2966 sancti
283 2912 364 2964 Petri
375 2912 539 2965 Insulensis.
553 2920 650 2965 contra
668 2911 787 2964 dieentes
804 2919 932 2966 sanctum
948 2909 1106 2964 Iohannem
1123 2912 1285 2979 Etanqelie·

58 3004 122 3050 tam
132 2996 237 3063 sactum
248 2996 336 3063 fuisse
347 2993 441 3062 filium
461 2995 589 3063 Virqinie
606 3010 703 3046 aerum
717 3002 741 3046 et
758 2993 918 3047 naturalem
933 3009 985 3062 per
1002 2994 1285 3048 transsubstantiatio·

59 3094 129 3131 nem
138 3080 263 3145 corporis
269 3075 409 3130 Jolannie
417 3081 448 3127 in
458 3094 557 3144 corpus
569 3075 673 3130 Christi
681 3078 710 3128 ai
720 3076 867 3129 amborum
876 3093 894 3128 a
906 3074 1014 3128 Christo
1024 3078 1055 3127 in
1064 3091 1143 3128 eruce
1149 3075 1286 3145 pendente

59 3159 233 3213 directorum
250 3163 337 3212 matri
353 3175 401 3212 sue
415 3159 539 3227 clariore
555 3160 648 3212 Marte
658 3161 766 3226 viratas·
778 3158 813 3211 de
829 3161 890 3227 ipso
907 3157 1038 3212 Iohanne
1049 3175 1058 3211 :
1071 3179 1083 3200 u
1097 3156 1212 3221 Mulier,
1225 3174 1284 3210 ecce

59 3241 143 3310 filius
154 3250 226 3294 tuus.
241 3266 254 3287 n

95 3355 259 3410 Doctiasimo
275 3356 527 3422 virtuosissimoque
544 3356 654 3409 domino
671 3372 704 3408 ac
721 3355 881 3409 honorando
898 3353 1029 3423 magistro
1047 3357 1139 3406 nostro
1155 3351 1287 3420 magistro

61 3439 164 3507 Egidio
176 3437 299 3505 Carlerlj,
312 3440 424 3506 egregio
436 3455 512 3492 sacre
531 3439 631 3506 pagine
648 3438 793 3506 professori
812 3455 844 3491 ac
860 3438 963 3490 decano
980 3442 1007 3490 et
1024 3435 1157 3489 canonico
1175 3435 1287 3488 ecclesie

62 3521 275 3587 Cameracensis,
288 3521 357 3574 bene
369 3520 467 3572 merito
479 3519 632 3588 preceptori
644 3536 704 3572 meo
716 3519 916 3573 colendissimo.

96 3602 265 3668 obsequiosa
275 3601 542 3656 recommendatione
554 3602 694 3668 premissa.
707 3600 928 3655 Communicauit
938 3599 1008 3653 mihi
1019 3606 1110 3654 vestra
1120 3599 1285 3659 humanitas.

60 3684 253 3739 colendissimo
264 3685 302 3737 mi
315 3692 392 3751 pater
403 3691 430 3738 et
442 3691 592 3751 preceptor,
604 3685 757 3738 euidentem
769 3684 996 3752 improbationem
1005 3685 1087 3737 unius
1095 3681 1287 3749 propositionis

60 3787 78 3822 a
91 3767 208 3821 veritate
218 3767 354 3821 catholica
366 3768 455 3822 aliene
471 3785 487 3820 a
504 3767 621 3833 quodam
640 3767 811 3834 predicatore
827 3768 862 3822 ad
879 3769 1011 3834 populum
1027 3767 1136 3835 publice
1152 3767 1285 3835 dogmati-

59 3857 130 3912 nata,
143 3850 269 3916 quotalis
281 3851 403 3917 estquod
416 3848 555 3903 lohannes
568 3849 743 3917 Evangelista
751 3850 839 3904 faetus
848 3851 900 3903 fuit
909 3850 982 3902 filius
990 3851 1124 3904 naturalis
1133 3849 1286 3903 beatissime

60 3930 153 3984 Maria
164 3929 288 3996 virginis,
302 3930 411 3996 quando
423 3929 556 3983 Dominus
566 3929 637 3983 dixit
649 3933 730 3983 matri
742 3944 748 3982 :
762 3930 877 3994 Mulier,
887 3946 944 3983 ecce
955 3931 1034 3998 filius
1045 3937 1116 3983 tuus.
1127 3930 1181 3993 Qui
1189 3932 1287 3984 funda·
1378 3958 1382 3967 ·

61 4013 108 4066 uit
128 4030 157 4065 se
178 4013 208 4066 in
229 4012 280 4065 hoc
302 4012 374 4079 quod
397 4012 530 4065 Dominus
546 4011 664 4065 eontulit
685 4012 740 4065 illis
757 4013 847 4065 verbis
863 4012 993 4066 virtutem
1009 4012 1285 4067 transsubstantiandi

61 4113 164 4164 eorpus
175 4095 308 4149 lobannis
320 4096 349 4150 in
361 4112 459 4162 corpus
471 4095 572 4148 Christi
584 4094 656 4148 sicut
672 4095 763 4149 verbis
773 4096 1016 4150 sacramentalibus
1032 4111 1130 4164 panem
1147 4095 1176 4148 in
1187 4112 1285 4162 corpus

97 4351 132 4413 (1)
150 4347 251 4415 Hierop
262 4350 360 4416 volgen
372 4347 551 4415 betuigingen
564 4364 617 4400 van
628 4345 853 4400 bescheidenheid
861 4363 896 4400 en
904 4347 958 4401 oeli
969 4364 1022 4402 van
1030 4364 1131 4403 warme
1142 4347 1285 4416 verearing

61 4447 132 4484 voor
145 4430 249 4484 Carlier
257 4432 323 4484 door
335 4432 422 4496 nijnen
433 4445 584 4496 vroegeren
595 4428 711 4495 leerling
722 4427 774 4480 lan
787 4427 931 4484 Tinctoris.

96 4514 131 4578 (2)
144 4511 245 4581 Hierop
254 4512 329 4581 volgt
339 4530 405 4567 eene
413 4511 592 4581 godgeleerde
600 4510 806 4579 verhandcling.
