3194 5408
594 525 694 580 ANNO
712 543 736 578 c.
757 527 833 578 1200
1293 524 1325 574 61

93 667 241 755 priester
255 686 320 733 van
337 666 471 754 ketterij
485 664 644 735 verdacht
656 666 776 747 wordt,
795 667 876 732 hare
893 666 975 732 oude
988 665 1237 732 leermeesteres
1249 661 1325 729 doet

94 770 292 838 ontdehken
308 791 351 836 en
367 770 459 836 zelve
484 767 650 836 verbrand
672 769 791 849 werdt,
822 768 944 857 terwijl
968 768 1007 834 de
1035 766 1117 835 oude
1134 765 1324 834 hettersche

92 894 217 941 rrouw
232 873 312 940 door
323 873 386 941 den
401 873 510 940 duivel
526 894 566 961 op
582 873 798 963 wonderlijke
815 874 909 962 wijze
923 871 1030 938 wordt
1046 870 1156 959 gered.
1176 869 1322 935 Enbelen

94 977 171 1044 dier
185 977 315 1046 letters
330 997 446 1043 waren
469 977 518 1044 uit
539 976 597 1046 het
617 977 813 1064 graafschap
830 976 1039 1043 Vlaanderen
1057 996 1139 1042 naar
1153 972 1323 1060 Engeland

94 1081 280 1167 gerlucbt;
299 1086 333 1148 te
348 1080 471 1148 Oxford
492 1081 628 1147 werden
651 1082 691 1169 zij
717 1102 758 1169 op
781 1080 874 1147 bevel
898 1101 963 1148 rau
987 1079 1112 1165 koning
1129 1077 1278 1147 Hendrik
1294 1076 1324 1140 II

94 1206 140 1272 op
157 1185 217 1252 bet
233 1184 412 1252 voorhoofd
429 1183 698 1270 gebrandmerkt.

128 1334 313 1403 Temporibus
324 1335 457 1390 Ludovici
468 1336 542 1405 regis
559 1335 702 1400 Franciee,
715 1334 763 1402 qui
775 1333 871 1404 genuit
880 1351 974 1403 regem
991 1332 1159 1400 Philippum,
1172 1348 1235 1386 cum
1246 1344 1325 1386 error

92 1418 281 1487 quommdam
291 1417 500 1482 haereticorum,
510 1418 558 1486 qui
567 1418 650 1487 vulgo
659 1418 832 1486 appellantur
844 1415 997 1480 Publiceni,
1009 1415 1158 1484 perplures
1170 1413 1324 1482 provincias

92 1501 206 1556 Galliae
217 1507 395 1569 proserperet,
407 1501 594 1569 prodigiosum
606 1502 736 1569 quiddam
756 1501 786 1554 in
804 1502 873 1555 urbe
894 1499 1070 1554 Remensium
1087 1495 1203 1564 contigit
1214 1497 1247 1550 de
1259 1513 1323 1563 qua·

91 1584 161 1638 dem
180 1583 262 1638 senili
283 1584 399 1638 muliera
417 1583 470 1638 hac
490 1589 564 1652 peste
576 1584 685 1640 infecta.
700 1586 768 1638 Cum
786 1584 859 1638 enim
870 1583 997 1636 dominus
1008 1580 1183 1642 Wilbelmus,
1203 1578 1324 1647 ejusdem

92 1666 175 1720 urbis
185 1665 406 1734 archiepiscopus
416 1670 445 1721 et
463 1666 615 1720 avunculus
634 1666 708 1736 regis
729 1664 860 1733 Philippi,
873 1665 991 1732 quadam
1002 1664 1047 1719 die
1064 1667 1142 1716 extra
1153 1662 1248 1715 urbem
1261 1678 1324 1714 cum

91 1749 206 1803 clericis
232 1748 288 1802 suis
312 1749 448 1816 spatiandi
474 1749 566 1817 gratia
590 1749 773 1817 obequitaret,
801 1748 912 1816 quidam
938 1764 972 1802 ex
999 1743 1106 1799 clericis
1128 1744 1196 1812 ejus,
1220 1741 1325 1797 scilicet

91 1830 229 1899 magister
251 1831 397 1886 Gervasius
420 1831 620 1896 Tillebriensis,
645 1831 739 1886 videns
762 1833 907 1900 quamdam
935 1830 1054 1899 puellam
1083 1828 1112 1881 in
1135 1827 1217 1880 vinea
1238 1826 1324 1879 solam

91 1913 325 1978 deambulantem,
346 1913 470 1969 lubricae
487 1913 640 1982 juventutis
662 1913 820 1968 curiositate
843 1915 954 1977 ductus,
975 1909 1086 1965 divertit
1108 1909 1143 1962 ad
1160 1926 1230 1971 eam,
1253 1906 1325 1959 sicut

92 1997 130 2048 ab
154 1998 215 2064 ejus
234 2013 281 2051 ore
299 1997 455 2051 audivimus
474 2002 575 2065 postea,
596 2015 658 2051 curn
679 1998 826 2051 canonicus
845 2001 931 2062 essct;
955 2012 1037 2064 quam
1056 1992 1177 2046 salutans
1198 1995 1226 2046 et
1246 1991 1324 2058 cujus

92 2083 169 2132 esset
186 2078 246 2132 filia
260 2082 288 2134 et
306 2079 438 2147 quidnam
455 2079 556 2134 ibidem
572 2080 630 2133 sola
649 2083 743 2147 ageret
763 2079 910 2147 diligenter
926 2076 1081 2145 inquirens,
1102 2093 1166 2130 cum
1185 2076 1244 2142 ejus
1263 2072 1322 2140 pul·

91 2160 282 2216 chritudinem
292 2162 397 2218 diutius
407 2162 573 2226 attendisset,
586 2163 658 2216 hanc
670 2163 780 2217 tandem
791 2163 825 2216 de
836 2178 929 2215 amore
945 2160 1047 2214 lascivo
1058 2158 1202 2213 curialiter
1212 2156 1321 2210 affatur.

89 2242 146 2296 Cui
171 2242 222 2296 illa
242 2243 358 2312 simplici
381 2250 459 2314 gestu
485 2251 597 2300 etcum
623 2245 741 2314 quadam
763 2245 908 2298 verborum
933 2243 1068 2311 gravitate
1091 2240 1248 2309 respondet,
1273 2237 1320 2292 vix

82 2327 224 2393 juvenem
242 2327 376 2395 respicere
395 2327 506 2382 volens:
529 2328 705 2394 «Nunquam
725 2327 792 2381 velit
811 2325 955 2390 Dominus,
975 2343 992 2378 o
1012 2325 1083 2379 bono
1100 2323 1270 2386 adolescens,
1287 2324 1320 2374 ut

86 2414 141 2463 tua
163 2409 254 2464 amica
273 2411 315 2466 vel
335 2410 453 2479 alicujus
470 2428 590 2479 unquam
608 2411 725 2465 hominis
745 2410 868 2474 existam,
882 2410 946 2478 qnia
965 2410 989 2463 si
1009 2406 1195 2476 virginitatem
1214 2400 1318 2457 amisis·

85 2510 150 2546 sem
162 2498 192 2548 et
208 2510 272 2548 caro
288 2511 348 2548 mea
365 2496 447 2549 semel
466 2500 595 2562 corrupta
605 2498 683 2559 essct,
695 2498 822 2548 aeternae
832 2493 1000 2548 damnationi
1015 2490 1111 2560 procul
1122 2487 1205 2542 dubio
1216 2488 1318 2554 absque

84 2573 170 2627 omni
191 2575 311 2630 remedio
331 2576 507 2644 subjacerem.
529 2600 541 2622 n
562 2575 642 2640 Quod
661 2575 773 2630 audiens
792 2575 922 2644 magister
942 2572 1086 2628 Gervasius
1105 2569 1239 2625 intellexit
1261 2585 1319 2636 pro·

85 2655 170 2708 tinus
192 2654 265 2710 hane
286 2673 343 2712 esso
363 2658 397 2712 de
418 2658 466 2713 illa
487 2658 648 2726 impiissima
668 2663 741 2713 secta
759 2658 986 2720 Publicanorrun,
1011 2655 1057 2724 qui
1079 2656 1127 2709 illo
1147 2653 1177 2707 in
1199 2657 1320 2719 tempore

84 2738 198 2806 ubique
214 2738 428 2806 exquirebantur
443 2744 471 2795 et
489 2741 705 2808 perimebantur,
729 2741 776 2795 sed
798 2740 917 2794 maxime
936 2758 953 2793 a
974 2738 1102 2805 Philippo
1122 2734 1221 2790 comite
1243 2734 1321 2787 Flan·

84 2818 246 2882 (hemum,
259 2820 306 2887 qui
319 2822 395 2889 justa
412 2823 573 2878 crudelitate
590 2823 841 2878 immisericorditer
851 2823 989 2891 puniebat.
1003 2819 1135 2875 Nonnulli
1151 2835 1215 2872 vero
1226 2833 1321 2871 eorum

85 2901 118 2954 in
131 2901 267 2969 Angliam
284 2903 458 2969 advenerant,
471 2905 518 2973 qui
535 2907 608 2973 apud
626 2906 834 2960 Oxcnofordiam
851 2904 1020 2973 deprehensi,
1035 2905 1150 2972 jubente
1166 2919 1232 2971 rege
1249 2900 1320 2955 Hen-

84 2984 153 3036 rico
172 2982 208 3046 II,
227 2983 302 3038 clare
318 2987 444 3041 candenti
462 2988 490 3040 in
507 2988 641 3042 frontibus
657 2988 815 3042 deformiter
832 2992 895 3041 sunt
915 2987 1024 3056 signati.
1044 2987 1115 3040 Dum
1132 2986 1225 3053 itaque
1244 3002 1320 3053 prae·

84 3063 186 3117 dictus
202 3063 318 3118 clericus
334 3083 397 3119 eum
416 3067 506 3133 puella
521 3067 555 3120 do
570 3067 619 3121 tali
635 3084 763 3135 responso
781 3068 946 3121 confutando
961 3067 1149 3131 altercaretur,
1166 3066 1322 3135 supervenit

85 3144 315 3214 archiepiscopus
337 3166 401 3202 enm
420 3149 489 3212 suis,
511 3149 558 3218 qui
578 3151 777 3205 controversiae
799 3151 926 3204 subortae
945 3168 1054 3204 causam
1072 3167 1221 3220 agnoscens
1239 3148 1322 3219 jussit

85 3227 217 3295 puellam
240 3232 431 3298 comprehendi
448 3237 475 3287 et
497 3250 588 3287 secum
612 3233 640 3287 in
660 3235 756 3288 rubeni
778 3233 895 3299 adduci3
919 3250 1001 3300 qnam
1023 3251 1115 3288 coram
1137 3231 1244 3286 clericis
1266 3231 1322 3284 suis

85 3313 239 3377 alloquens
257 3317 285 3366 ot
306 3314 397 3382 plures
414 3316 588 3370 auctoritates
605 3317 782 3370 strationem
799 3321 961 3385 argumenta
973 3332 1022 3383 pro
1045 3317 1209 3370 confutcndo
1229 3330 1322 3368 errore

86 3409 259 3461 proponens,
272 3398 411 3464 respondit
421 3398 470 3451 illa
488 3416 516 3452 se
528 3415 698 3465 nequaquam
710 3397 799 3451 adhuc
812 3397 918 3464 plenius
938 3398 997 3450 fore
1008 3396 1178 3458 instrictam,
1192 3399 1223 3448 ut
1233 3399 1323 3448 tantas

86 3475 263 3543 objectiones
274 3484 361 3544 posset
372 3480 503 3543 refellere,
518 3480 563 3533 sod
575 3479 675 3534 habere
687 3498 715 3533 se
727 3479 873 3547 quamdam
889 3478 1050 3547 magistram
1067 3478 1096 3531 in
1117 3479 1184 3531 urbe
1201 3477 1323 3530 confessa

85 3563 142 3620 est,
159 3574 231 3624 quae
241 3560 362 3613 omnium
374 3561 539 3628 objectiones
550 3561 680 3615 facillimo
696 3561 752 3614 suis
769 3560 921 3614 rationibus
933 3560 1077 3620 refelleret,
1091 3563 1169 3627 cujus
1181 3575 1279 3613 nomen
1296 3562 1323 3611 et

85 3638 275 3692 habitationis
286 3641 377 3694 locum
389 3658 452 3694 cum
461 3641 613 3704 indicasset,
625 3641 766 3696 confestim
778 3659 795 3694 a
805 3640 936 3695 ministris
945 3640 1067 3708 quaesita
1076 3645 1102 3694 ot
1112 3641 1221 3694 inventa
1230 3655 1323 3693 coram

85 3721 302 3790 archiepiscopo
319 3725 462 3778 assistitur.
476 3725 553 3787 Quae
570 3724 664 3778 multis
681 3724 885 3791 quaestionibus
896 3729 923 3777 ot
940 3723 1149 3777 auctoritatibus
1166 3722 1322 3776 divinarum

85 3804 296 3871 scripturarum
312 3806 420 3874 abipso
439 3807 644 3875 archiepiscopo
663 3811 690 3860 et
709 3825 726 3860 a
746 3807 854 3860 clericis
871 3807 996 3873 undeque
1007 3807 1122 3872 pulsata,
1136 3823 1205 3874 quac
1216 3810 1322 3860 tantum

84 3904 219 3944 ern-orem
237 3889 439 3953 convincerent,
452 3889 490 3943 ita
501 3906 594 3943 omnes
611 3889 787 3943 auctoritates
804 3889 923 3956 prolatas
941 3889 1058 3955 quadum
1069 3887 1180 3942 sinistra
1191 3888 1321 3956 interpre-

83 3971 200 4026 tatione
212 3970 390 4036 pervertebat,
405 3975 435 4024 ut
446 3971 511 4024 satis
523 3975 647 4038 patenter
658 3970 763 4024 cunctis
775 3969 925 4024 innotuerit
936 3969 1061 4036 spiritum
1071 3969 1154 4023 totius
1165 3970 1266 4024 erroris
1275 3987 1324 4037 per

83 4074 117 4109 os
137 4055 203 4121 ejus
215 4037 296 4106 fuleo
313 4052 444 4107 locutum.
459 4054 502 4107 Ad
513 4070 605 4107 omncs
622 4053 756 4121 siquidem
774 4053 949 4107 auctoritates
967 4056 995 4107 ct
1011 4052 1137 4106 historias
1149 4057 1205 4107 tarn
1217 4053 1323 4107 Veteris

83 4152 179 4204 quam
191 4134 262 4188 Novi
275 4133 450 4198 Testamenti,
464 4152 534 4203 quae
545 4134 571 4189 oi
583 4135 792 4203 objiciebantur,
805 4140 862 4189 tam
874 4134 964 4197 facilc,
977 4138 1033 4188 tarn
1046 4133 1202 4190 memoriter
1213 4152 1322 4202 respon·

81 4219 184 4279 debat,
207 4220 338 4284 tanquam
361 4217 483 4271 omnium
503 4218 703 4285 scripturarum
724 4218 849 4272 notitiam
870 4218 967 4284 adopta
990 4220 1058 4272 esset
1077 4222 1104 4272 et
1120 4217 1150 4271 in
1166 4218 1323 4287 hujusmodi

81 4299 318 4368 responsionibus
329 4316 435 4367 semper
446 4300 603 4364 exercitata,
616 4299 688 4353 voris
705 4300 773 4352 falsa
790 4298 966 4353 commiscens
982 4303 1009 4352 ct
1025 4316 1118 4353 veram
1135 4298 1198 4353 fidoi
1216 4303 1323 4352 nostrae

80 4382 315 4452 explanationem
337 4383 454 4450 quodam
474 4383 627 4450 pernicioso
644 4383 784 4436 intellectu
803 4382 941 4436 deludens,
962 4381 1030 4434 Cum
1042 4386 1133 4435 autem
1146 4386 1323 4448 utrarumque

78 4470 198 4522 mentes
207 4465 360 4519 obstinatae
370 4482 419 4519 noc
428 4466 510 4519 minis
519 4483 568 4519 noc
579 4464 718 4518 blanditiis
728 4469 775 4519 aut
784 4464 847 4517 ullis
856 4463 1065 4532 allegationibus
1074 4464 1116 4518 vol
1126 4464 1322 4530 scripturarum

78 4549 307 4607 auctoritatibus
319 4550 354 4603 ab
366 4565 459 4604 errore
471 4566 582 4604 suarum
594 4548 809 4617 propositionum
821 4549 944 4603 revocari
957 4552 1071 4616 possent,
1084 4549 1207 4603 reclusae
1219 4544 1322 4601 suntin
