3194 5408
715 516 815 572 ANNO
834 517 911 571 1472
1374 517 1422 568 433

215 619 332 738 Minoi
351 680 391 726 eu
419 679 484 725 van
508 665 594 727 twee
621 659 744 726 audere
769 679 931 748 personen
962 656 1026 725 had
1051 657 1300 745 geraadpleegd.
1321 698 1361 708 -
1375 661 1421 753 De

210 723 535 850 boomloesteningen
546 763 613 851 aijn
625 765 805 830 kettersch.
817 765 926 849 Tagen
937 762 1066 847 Mignot
1077 763 1105 829 is
1114 782 1248 828 ermaar
1261 758 1319 828 e'tn
1329 762 1424 829 echte

196 855 348 952 &irriga
373 864 501 952 Miguot
515 872 601 933 moet
618 867 778 933 nochtans
799 867 951 953 opnieuw
965 865 1199 952 ondervraagd
1210 863 1356 932 worden.
1377 867 1423 932 De

194 942 287 1063 tylae
311 968 449 1034 anderen
465 975 594 1037 moeten
610 969 688 1036 door
705 970 766 1036 den
788 969 985 1054 inquisiteur
1021 968 1256 1055 aengehouden
1272 967 1420 1047 worden,

186 1044 238 1119 d¹⁶³
254 1083 313 1135 er
325 1070 518 1157 vervolgens
532 1091 596 1138 aan
611 1071 652 1138 de
667 1070 1019 1159 vicarium-generum
1034 1091 1100 1140 van
1125 1072 1148 1140 't
1159 1070 1284 1139 bisdom
1295 1069 1423 1138 bericht

183 1163 245 1225 '⁸¹¹
271 1189 344 1242 zoa
358 1179 490 1242 mosten
506 1194 624 1262 geren.

210 1340 338 1416 effluo
349 1362 489 1433 quondm
500 1361 651 1419 teanum
661 1366 899 1435 impurissimum,
911 1363 952 1420 ad
963 1365 1131 1418 instantiam
1147 1361 1325 1431 inquisitoris
1342 1357 1419 1415 bore·

181 1424 223 1479 “ff
237 1449 432 1501 musmo.

207 1521 357 1624 qunim
376 1544 640 1600 recommendatione
661 1546 761 1602 debita.
785 1547 859 1602 Petit
878 1545 1033 1601 reuerentia
1052 1548 1150 1607 vestra,
1171 1543 1302 1613 magister
1321 1547 1420 1608 noster,

184 1617 345 1695 ⁰⁰¹f⁵¹lium
355 1642 437 1694 super
452 1626 608 1681 enormibus
625 1629 817 1684 assertionibus
835 1629 975 1683 cuiusdam
997 1626 1174 1696 impurissimi
1191 1627 1225 1680 de
1243 1625 1350 1681 Christo
1362 1641 1422 1693 pro·

262 1714 334 1762 luae
344 1707 482 1777 prauitati.
496 1709 634 1764 Mendicat
651 1712 711 1765 fons
727 1729 744 1765 a
760 1711 861 1773 riuulo,
874 1712 915 1765 sol
932 1729 949 1764 a
965 1710 1052 1774 radio,
1065 1709 1142 1764 diues
1156 1709 1191 1762 ab
1207 1708 1295 1777 inope.
1309 1708 1422 1771 Verum,

185 1767 209 1816 ¹¹³
224 1770 368 1844 ‘lobium
386 1790 450 1844 fidei
467 1792 615 1856 exsoluam,
629 1793 717 1861 prima
737 1794 849 1848 assertio
860 1793 952 1848 illius:
966 1814 978 1836 «ι
994 1793 1117 1848 Christus
1136 1791 1293 1859 inquinauit
1312 1806 1422 1844 carnem

183 1857 277 1954 ΜΠ)
295 1889 352 1925 cum
363 1872 478 1926 muliere
489 1873 637 1942 coniugata
647 1879 698 1929 etc.
712 1900 724 1921 n
746 1876 774 1929 in
791 1893 820 1930 se
837 1876 1007 1930 considerata
1017 1880 1058 1930 est
1069 1874 1244 1941 blasphemia,
1254 1872 1418 1936 hereticalis,

183 1939 343 2023 Q,
355 1955 507 2023 perniciosa
518 1961 546 2011 at
557 1958 757 2012 sumtuosa...
772 1961 806 2024 (l)

217 2014 358 2092 Senuntia
368 2040 481 2095 assertio
491 2039 606 2095 dicentis
623 2042 695 2108 quod
713 2041 837 2096 Christus
858 2060 999 2110 nunquam
1017 2041 1046 2096 in
1066 2040 1167 2095 mundo
1186 2039 1371 2105 manducauit,
1384 2045 1426 2095 est

185 2085 362 2175 himma...
376 2123 411 2187 (l)

196 2183 366 2337 Qirffll
376 2202 549 2258 assertionem
561 2205 595 2259 da
607 2222 661 2258 nou
678 2205 853 2273 percutiendo
865 2206 957 2260 viliter
972 2222 1061 2270 canes,
1074 2209 1126 2260 etc.
1139 2208 1255 2267 transeo,
1268 2203 1333 2271 quia
1343 2203 1425 2257 anilis

335 2301 353 2337 u
365 2300 421 2338 osa.

238 2354 277 2418 De
291 2367 400 2422 Matheo
416 2366 524 2435 Mignot
540 2366 617 2423 iuxta
636 2367 856 2425 informationem
877 2387 959 2438 quam
978 2369 1044 2432 vidi,
1058 2386 1112 2423 non
1129 2373 1170 2423 est
1187 2367 1239 2421 nisi
1261 2385 1331 2422 uuus
1349 2369 1426 2424 testis

211 2428 335 2512 deponens
346 2467 409 2504 eum
420 2449 557 2504 audiuisse
568 2452 689 2518 proferre
701 2453 784 2506 verba
800 2452 934 2521 apostasia
945 2469 962 2505 a
974 2453 1043 2530 tidej
1063 2453 1146 2506 ceteri
1163 2454 1269 2505 tantum
1286 2451 1425 2519 deponunt

215 2516 340 2613 §saudim
351 2532 415 2587 dici.
430 2533 497 2587 Tale
515 2532 701 2588 testimonium
719 2553 773 2589 non
791 2541 832 2589 est
853 2539 967 2600 certum,
982 2535 1047 2603 quia
1064 2536 1098 2589 ab
1115 2552 1170 2589 uno
1186 2535 1243 2588 solo
1260 2539 1347 2602 potest
1363 2535 1426 2590 talis

216 2611 314 2669 numia
323 2613 481 2682 diuulgari3
497 2617 587 2669 tamen
599 2614 648 2669 illa
663 2618 711 2671 dat
722 2617 893 2671 occasionem
904 2617 1064 2686 ampliorem
1077 2615 1297 2670 informationem
1308 2617 1425 2672 faciendi

213 2695 376 2764 estamplius
387 2695 465 2748 iilum
476 2695 586 2765 Mignot
598 2698 724 2752 subtilius
738 2703 766 2753 et
777 2699 868 2753 acrius
879 2699 1077 2767 interrogandi.

236 2777 274 2832 De
291 2777 398 2832 duobus
416 2782 507 2832 autem
529 2779 735 2846 precedentibus
756 2781 865 2836 videtur
886 2781 981 2843 michi,
1000 2782 1077 2834 saluo
1096 2780 1199 2835 saniori
1219 2781 1341 2847 consilio,
1353 2783 1427 2850 quod

206 2860 309 2928 expedit
320 2860 393 2928 quod
403 2859 462 2914 sitis
479 2878 589 2914 securus
601 2862 634 2916 de
646 2863 767 2929 personis
786 2863 840 2916 illis
858 2868 885 2917 et
904 2869 995 2930 postea
1007 2863 1167 2930 significetis
1178 2863 1295 2918 dominis
1306 2863 1424 2930 vicarijs.

288 2942 346 2996 Hec
357 2941 478 2996 succinte
489 2949 515 2998 et
533 2943 711 3011 incomposite
724 2945 853 2999 breuibus
864 2945 987 3012 apicibus
1005 2945 1058 3016 hic
1068 2945 1177 3013 depinxi
1190 2951 1300 3013 propter
1311 2947 1425 3000 celerem

196 3028 293 3091 nuncij
313 3041 458 3088 recessum,
471 3030 503 3079 ut
514 3025 687 3090 minabatur;
703 3043 764 3079 nam
785 3027 808 3079 si
827 3027 969 3090 arrisisset,
991 3026 1073 3082 latius
1092 3028 1235 3081 materiam
1252 3029 1422 3095 dylatassem.

194 3108 293 3163 Viuite
304 3105 380 3170 felix,
395 3123 500 3161 memor
511 3107 564 3162 mai
576 3108 606 3161 in
618 3108 786 3162 orationibus
798 3108 901 3162 vestris

465 3225 610 3287 carlerius,
623 3224 682 3278 decl
694 3223 728 3286 11,
741 3224 939 3292 vcrhandeting
951 3229 975 3278 2.

770 3432 860 3499 355.

252 3632 343 3698 Voor
365 3628 557 3698 November
582 3631 686 3711 1472,
701 3626 1044 3715 Komerajk.00rdeel
1068 3647 1132 3692 van
1157 3627 1219 3693 den
1242 3626 1425 3713 Kamarijk-

189 3735 305 3803 schen
323 3732 427 3799 deken
443 3732 578 3810 Carlien
601 3752 640 3817 op
658 3731 796 3797 verzoek
813 3751 875 3797 van
890 3731 951 3795 den
970 3729 1161 3813 inquisiteur
1177 3728 1422 3814 uitgesproken,

189 3855 284 3906 over
300 3835 442 3921 hetgaen
465 3855 501 3900 er
517 3841 550 3901 te
569 3834 651 3900 doen
669 3837 756 3899 staat
772 3839 837 3899 met
854 3852 955 3897 eeuen
974 3832 1138 3916 proditer,
1158 3832 1208 3896 die
1225 3833 1257 3896 in
1278 3833 1343 3918 zijn
1361 3851 1429 3896 ser-

190 3959 301 4008 moeu
328 3943 414 4005 twee
436 3938 614 4004 verdachte
642 3937 817 4021 stelliugeu
845 3934 1046 4018 verkondigd
1077 3935 1151 4000 had.
1173 3972 1217 3982 -
1242 3934 1355 4000 Indieu
1384 3934 1427 4019 hij

190 4043 358 4112 loochent
372 4041 413 4106 de
436 4045 543 4107 eerste
559 4041 692 4125 stelling
716 4038 887 4124 gepredikt
912 4045 944 4102 te
969 4036 1096 4103 hebben
1113 4059 1154 4103 en
1182 4037 1237 4103 het
1259 4037 1429 4122 tegendeel

192 4148 252 4215 uit
270 4145 328 4210 het
343 4145 463 4230 geding
478 4142 584 4230 blijkt,
605 4144 667 4209 dan
685 4150 815 4209 moeteu
831 4142 870 4206 de
886 4140 1162 4226 geloossrechters
1183 4146 1292 4206 wetcn
1311 4140 1371 4204 hoe
1387 4140 1427 4226 aij

190 4249 341 4333 volgeus
356 4248 414 4313 het
429 4246 522 4313 recht
538 4252 571 4313 te
595 4246 757 4312 handelen
782 4243 977 4310 hebben.1u
1004 4244 1091 4308 aileu
1116 4243 1245 4327 gavella
1269 4248 1356 4308 moet
1382 4242 1426 4328 hij

230 4529 270 4592 (1)
289 4523 337 4578 Dit
350 4523 457 4578 oonleel
469 4526 556 4579 werdt
569 4529 624 4579 met
635 4524 736 4579 citaien
749 4523 789 4578 uit
800 4524 852 4576 den
865 4522 961 4586 Bijbel,
974 4539 1042 4586 oua,
1055 4523 1232 4592 breedvoerig
1243 4522 1374 4590 gestaafd.
