3194 5408
304 477 337 529 90
823 473 924 530 ANNO
943 475 1021 530 1233

305 617 400 672 valetis
420 616 494 672 inter
512 616 705 672 inundantium
716 618 931 673 sollicitudinum
943 618 1083 688 angustias
1094 616 1238 687 respirare,
1252 636 1286 674 ac
1297 618 1414 687 perhoc
1426 619 1545 689 dignum

304 702 441 764 ducentes,
460 704 491 754 ut
508 716 592 753 onera
612 704 701 754 vestra
722 719 784 755 cum
804 701 866 754 aliis
887 700 1054 766 dividantur,
1072 704 1132 769 ejus
1152 701 1277 756 instructi
1294 704 1435 772 exemplo,
1448 703 1499 771 qui
1517 709 1546 759 et

303 783 447 838 duodecim
463 783 597 850 apostolos
611 791 639 838 et
656 785 724 838 alios
739 785 912 854 septuaginta
928 786 996 838 duos
1019 784 1111 853 elegit,
1124 788 1152 838 et
1168 784 1245 839 binos
1262 789 1327 840 ante
1342 785 1449 841 faciem
1466 804 1545 841 alam

305 866 339 920 ad
351 865 563 933 praedicandum
575 865 684 929 direxit,
696 866 783 921 dictos
800 868 898 921 fratres
909 865 1109 935 praedicatores
1126 870 1222 920 contra
1240 866 1397 922 haereticos
1414 867 1446 922 iu
1457 884 1545 936 ragno

306 947 439 1002 Franciae
450 953 476 1003 et
494 948 718 1018 circumjacentes
730 949 884 1017 provincias
899 949 1027 1003 duximus
1042 947 1224 1004 destinandos.
1237 949 1356 1017 Ideoque
1374 949 1544 1005 universita-

304 1038 360 1089 tam
377 1038 494 1088 vestram
510 1050 648 1102 rogamus,
668 1034 819 1097 hortamur,
841 1037 868 1088 ot
894 1038 1034 1087 monentes
1054 1036 1156 1087 attente
1184 1048 1233 1100 per
1259 1031 1416 1099 apostolica
1440 1031 1545 1101 scripta

305 1114 432 1170 destricto
460 1116 652 1185 praecipiendo
683 1120 843 1171 mandamus
873 1117 1001 1185 quatinus
1029 1117 1101 1184 ipsos
1128 1133 1178 1183 pro
1206 1115 1360 1171 reverentia
1390 1114 1492 1169 divina
1518 1118 1545 1169 et

305 1198 469 1264 apostolieae
480 1199 598 1253 sedisne
617 1206 709 1254 nostra
726 1201 843 1270 benigno
861 1201 1021 1268 recipientes
1041 1204 1068 1254 et
1088 1200 1200 1255 honeste
1216 1201 1375 1261 tractantes,
1389 1196 1431 1252 eis
1449 1197 1482 1251 in
1501 1196 1545 1251 his

304 1282 332 1333 et
348 1280 410 1333 aliis
421 1280 575 1346 consilium,
588 1284 723 1339 auxilium
734 1290 762 1339 et
778 1286 899 1339 favorem
915 1285 1007 1339 taliter
1018 1284 1190 1353 impendatis,
1203 1283 1275 1350 quod
1290 1282 1344 1350 ipsi
1361 1281 1545 1337 commissum

304 1361 356 1416 sibi
374 1362 494 1421 officium
505 1366 602 1433 exequi
620 1367 728 1422 valeant
744 1367 884 1433 indefesse,
903 1372 930 1422 ct
945 1386 994 1421 nos
1010 1367 1175 1422 sinceritatis
1186 1369 1291 1421 vest-rae
1302 1365 1395 1420 zelum
1407 1364 1545 1433 possimus

304 1444 403 1499 merito
420 1449 618 1503 commendare.

339 1528 438 1583 Datum
450 1529 587 1595 Laterani,
600 1530 691 1585 idibus
703 1532 814 1600 Aprilis,
828 1533 1002 1602 pontificatus
1014 1533 1098 1589 nostri
1111 1550 1183 1587 anno
1194 1536 1219 1586 7.

567 1645 676 1709 percio,
690 1648 870 1702 Monumenta
881 1656 1028 1701 coenemus
1042 1648 1173 1702 Tolosani
1189 1645 1300 1700 ordinis
1318 1646 1451 1714 [rctmm
1459 1662 1545 1715 pruc-

598 1728 765 1794 dicatorum,
786 1730 847 1784 deel
869 1730 917 1794 III,
938 1732 988 1785 blz.
1011 1735 1052 1785 92.
1072 1761 1107 1769 -
1122 1730 1266 1797 (Potthast,
1289 1726 1352 1782 decl
1372 1727 1397 1789 Ι,
1417 1727 1472 1781 blz.
1485 1730 1544 1792 783,

600 1821 630 1862 nr
641 1812 725 1875 9143).
737 1839 770 1849 -
782 1812 821 1865 Dc
831 1812 1042 1880 lmwoordingen
1053 1813 1131 1867 dezer
1143 1812 1190 1866 bul
1201 1811 1256 1879 zijn
1273 1808 1457 1879 gedecltelljk
1468 1826 1545 1865 orer·

600 1911 735 1962 genomen
747 1895 788 1950 uit
800 1913 849 1950 ons
860 1896 923 1949 stnh
936 1908 965 1950 n¹·
974 1901 1014 1950 83,

887 2054 955 2121 90.

354 2209 459 2287 1233,
479 2214 582 2298 Aproi
600 2215 655 2288 19,
676 2215 864 2278 Laterano.
884 2212 944 2279 Bul
968 2233 1031 2278 van
1056 2210 1234 2297 Gregorius
1257 2210 1308 2277 IX
1331 2211 1471 2295 gericht
1497 2216 1547 2279 tot

306 2309 369 2376 den
382 2313 579 2398 predihheer
592 2313 727 2390 Robert,
744 2315 879 2403 waarbij
893 2316 937 2402 hij
951 2316 1025 2381 hem
1040 2318 1070 2380 iu
1086 2315 1144 2380 het
1156 2310 1244 2380 ambt
1260 2333 1326 2379 van
1340 2313 1548 2399 inquisitenr

305 2411 400 2500 (over
426 2417 701 2486 onderacheidene
725 2419 893 2484 Fransche
920 2417 1121 2484 bisdommen
1149 2438 1190 2482 en
1218 2416 1281 2482 ook
1309 2437 1394 2483 over
1424 2418 1545 2504 geheel

307 2518 532 2609 Vlaanderen)
545 2519 708 2607 bevestigt
726 2542 765 2586 en
784 2522 857 2587 hem
873 2522 958 2608 zijne
974 2521 1174 2608 gedragslijn
1193 2518 1422 2608 voorsohrijst.
1442 2561 1489 2572 —
1501 2522 1548 2588 De

307 2640 388 2705 pana
403 2625 477 2708 zegt
501 2625 546 2690 uit
572 2624 721 2690 ltotrert's
738 2623 870 2690 brieven
888 2645 1064 2690 n'ernomen
1083 2628 1116 2688 te
1133 2622 1271 2699 hebben,
1291 2622 1351 2689 dat
1373 2625 1455 2692 vele
1471 2645 1548 2693 ver-

308 2723 450 2792 dachten
468 2731 535 2793 met
552 2727 591 2793 de
607 2727 698 2793 Kerh
716 2727 876 2793 verzoend
891 2749 931 2793 en
950 2728 1021 2793 veel
1037 2727 1181 2792 anderen
1197 2746 1248 2791 om
1264 2726 1382 2793 hunne
1408 2729 1546 2814 katterij

308 2827 448 2911 gastrast
460 2830 606 2910 werden,
616 2837 715 2897 nallat
727 2831 766 2897 de
781 2831 868 2916 prior
881 2852 944 2896 van
958 2833 1124 2920 Besanqon
1140 2849 1180 2895 en
1192 2827 1544 2911 broederWallerius,

307 2927 400 2996 beide
424 2933 672 3017 predikheeren‚
694 2938 761 3000 met
777 2935 852 3000 hem
870 2940 919 3000 tot
944 2932 1124 3021 pauselijke
1147 2932 1358 3018 inquisiteurs
1376 2935 1416 3001 in
1440 2938 1547 3003 Bour-

307 3034 425 3120 gondie
442 3037 575 3103 werden
601 3038 804 3123 aangesteld.
824 3036 972 3105 Robert's
988 3038 1071 3124 ijver
1086 3034 1247 3103 botoonde
1267 3035 1342 3103 nich
1364 3039 1488 3106 vooral
1513 3039 1547 3105 in

309 3137 348 3204 do
365 3139 437 3205 stad
455 3141 498 3206 La
511 3138 643 3229 Charite'
656 3141 719 3228 (l),
734 3142 785 3207 die
801 3141 879 3208 door
896 3142 935 3209 de
950 3141 1139 3207 lettersehe
1151 3146 1224 3227 pest
1236 3139 1459 3229 schrikkelijh
1473 3163 1548 3209 was

307 3246 493 3328 aengetast.
513 3245 636 3310 Aldaar
660 3244 749 3311 heelt
766 3243 904 3311 broeder
919 3243 1042 3311 Robcrt
1057 3246 1115 3311 het
1131 3263 1222 3310 ware
1237 3242 1352 3329 geloof
1362 3245 1549 3330 gepredikt

310 3349 376 3411 met
399 3347 456 3412 dat
478 3348 608 3434 gevolg,
629 3347 806 3425 detester,
827 3369 989 3435 geroepen
1006 3344 1043 3415 of
1063 3367 1281 3434 ongeroepen,
1299 3352 1351 3415 tot
1372 3346 1455 3414 bem
1478 3350 1547 3437 szn

308 3447 468 3534 gehomen
497 3471 548 3517 om
576 3451 650 3517 hem
681 3451 720 3517 de
744 3452 876 3539 hetterij
906 3452 1009 3517 onder
1030 3452 1060 3516 al
1086 3452 1166 3516 hare
1189 3469 1324 3515 vormen
1349 3448 1488 3518 bekend
1514 3458 1549 3519 te

310 3551 439 3630 mahen,
467 3554 581 3620 zoodat
605 3556 644 3620 de
670 3556 769 3621 rader
796 3555 903 3642 ziJnen
928 3575 1020 3629 zoon,
1049 3555 1088 3620 de
1116 3575 1196 3618 zoon
1221 3553 1330 3638 zijnan
1354 3557 1476 3635 vador,
1506 3556 1549 3622 da

309 3655 441 3722 moeder
456 3656 537 3723 hare
552 3658 710 3724 hinderen
725 3659 761 3724 of
771 3658 876 3724 haren
888 3656 1086 3743 echtgenoot
1098 3655 1223 3723 hebben
1238 3655 1487 3744 aangeklaagd,
1504 3679 1548 3725 en

308 3757 367 3824 dat
382 3758 422 3824 de
434 3759 611 3847 plichtigen
625 3762 695 3826 zich
713 3762 881 3850 vrijwillig
896 3783 958 3828 aan
971 3762 1035 3827 alle
1051 3760 1182 3827 stratsen
1197 3780 1238 3826 en
1255 3758 1548 3848 boetedoeningen

310 3859 436 3928 hebben
454 3864 704 3951 onderworpen.
724 3867 824 3932 Alzoo
840 3866 950 3932 huam
971 3865 1032 3930 ool
1050 3864 1089 3929 de
1107 3862 1308 3929 verbazende
1320 3862 1550 3951 uitgoatrekt-

344 4099 378 4162 (1)
396 4099 438 4165 Op
447 4100 480 4153 de
492 4099 572 4153 Loire
584 4099 708 4168 gelegen,
720 4099 747 4154 in
761 4102 778 4156 't
789 4102 952 4170 guinisi-hap
961 4104 1071 4155 Nereis.
1082 4102 1121 4155 Dc
1130 4103 1281 4169 tljdgenoot
1291 4098 1404 4169 Philips
1412 4102 1550 4159 Mouskes

310 4195 363 4232 van
377 4179 499 4233 Doornik
516 4181 566 4241 (zio
577 4182 674 4235 verder·
685 4200 733 4235 ons
751 4183 814 4236 stuk
827 4195 856 4236 nr
864 4185 905 4247 so)
918 4183 990 4237 heeft
1006 4199 1037 4236 er
1048 4184 1102 4237 ook
1113 4200 1166 4236 van
1178 4182 1299 4251 gehoord
1309 4198 1347 4236 en
1360 4188 1445 4252 negt:
1460 4206 1474 4228 e
1488 4185 1549 4240 Um

311 4261 435 4326 nonies,
450 4263 634 4330 nnsiaeopins
651 4268 712 4332 trop
728 4266 783 4318 mal
795 4266 892 4332 apicis,
960 4265 1053 4318 ardoir
1069 4283 1103 4319 en
1120 4267 1165 4319 fist
1180 4282 1251 4319 asses
1266 4281 1300 4318 eu
1316 4264 1378 4319 oire
1393 4267 1474 4321 dmit
1487 4273 1507 4322 a
1522 4268 1551 4322 la

312 4345 561 4409 canite-sorbonn,
573 4364 624 4413 prm
635 4348 660 4400 le
672 4360 809 4402 somniant
820 4351 854 4401 de
865 4348 1002 4415 l‘apostole
1014 4351 1116 4416 (pons),
1127 4348 1173 4416 qui
1189 4348 1208 4401 li
1225 4352 1253 4402 ot
1264 4347 1371 4417 enjoint
1383 4366 1441 4417 par
1450 4353 1548 4416 estole,

311 4432 339 4481 et
351 4444 400 4494 par
412 4428 438 4480 la
450 4427 557 4480 volente
568 4429 621 4480 dou
638 4429 680 4482 roi
696 4431 729 4483 de
741 4430 855 4493 Frunec,
869 4430 898 4482 hi
915 4430 965 4483 l'en
982 4430 1024 4483 fist
1040 4429 1119 4484 otroi.
1135 4454 1148 4477 n
1166 4429 1295 4499 (Uitguvc
1305 4447 1361 4484 van
1372 4430 1411 4486 de
1423 4431 1550 4489 Reiffen·

308 4510 385 4580 berg,
398 4511 458 4566 dael
469 4510 504 4574 ΙΙ,
519 4511 568 4565 blz.
582 4515 648 4575 608).
