3188 5408
720 107 820 161 ANNO
839 108 916 160 1482
1380 112 1426 162 451

213 234 443 319 ”timaeoque
452 248 592 318 praedicte
599 248 628 301 in
636 246 729 302 multis
738 244 994 315 congregationibus
1002 245 1156 313 praedictae
1165 246 1305 302 facultatis
1313 247 1425 318 agitata,

336 349 406 387 anno
429 331 537 387 Domini
561 329 705 385 millesimo
722 326 988 397 quadringentesimo
1005 327 1189 396 ocmagesimo
1205 330 1332 394 secundo,
1350 347 1426 384 mone

203 385 352 487 Quane
362 414 551 482 computando,
564 411 712 467 indictione
726 411 824 479 prima,
838 409 937 464 mensu
952 426 1016 464 vero
1029 410 1171 465 Februarii
1188 411 1233 466 die
1244 412 1348 480 quinta,
1360 429 1426 481 pon·

195 475 330 549 Meas
346 495 508 552 sanctissimi
528 495 559 548 in
585 493 692 550 curato
712 493 795 562 paim
819 497 847 548 a
867 491 970 547 nomini
994 492 1079 547 notui
1101 492 1204 547 domini
1232 494 1302 549 sixti
1328 495 1428 550 nivini

187 568 380 654 musanus
391 595 477 646 papae
493 576 582 645 quarti
594 592 667 630 anno
677 575 845 639 duodecimo,
857 574 887 628 iu
897 574 950 628 mei
960 573 1059 628 notarii
1077 575 1180 642 publici
1192 577 1329 643 praefatae
1340 578 1426 632 facul·

185 643 263 698 i⁸⁸¹⁸
283 660 394 714 scribae
405 660 567 726 testiumque
577 658 650 712 infra
661 658 824 725 scriptorum
835 657 933 711 adhoc
946 661 1103 711 vocatorum
1121 659 1282 725 praesentia,
1303 661 1425 728 praefata

179 720 276 785 ²¹¹³&
294 741 488 812 theologorum
504 743 634 796 facultate
650 738 722 809 apud
739 745 862 794 sanctum
874 738 1073 793 Methurimum
1084 739 1206 795 Parisius
1225 741 1255 795 in
1274 742 1334 796 loco
1344 741 1425 797 solito

179 816 242 889 PP‘
264 825 416 894 egregium
436 829 464 879 et
482 823 667 879 doctissimum
684 823 774 876 virum
790 816 952 891 magistrum
968 821 1120 876 iohannem
1134 822 1203 887 Huc,
1216 840 1309 879 sacrae
1325 824 1426 879 theolo-

180 897 263 951 μθ
285 907 474 970 professorem,
493 904 623 960 ecclesiae
645 904 807 959 Parisiensis
825 902 1064 971 poenitentiarium
1081 920 1114 956 ac
1135 905 1272 971 praefatae
1291 905 1428 960 facultatis

181 964 351 1051 amanum,
372 987 528 1043 solemniter
547 991 576 1043 et
592 1004 641 1056 per
656 989 842 1056 jurameutum
861 986 896 1039 ad
912 985 1124 1052 qualiticandum
1144 988 1279 1053 praefatas
1300 993 1426 1056 quatuor

188 1044 297 1120 decim
316 1069 511 1138 propositiones
527 1073 675 1125 convocata
694 1074 721 1123 et
741 1071 914 1136 congregate,
934 1066 1111 1134 omnibusque
1123 1068 1260 1136 magistris
1276 1069 1306 1123 in
1326 1087 1426 1139 magno

191 1137 331 1214 nulnero,
343 1156 399 1205 tam
414 1152 582 1206 secularibus
599 1169 681 1219 quam
698 1151 870 1220 religiosibus
886 1150 1006 1216 praefata
1019 1150 1229 1217 congregatione
1240 1152 1425 1218 existentibus,

200 1222 283 1283 unus
299 1239 359 1302 post
384 1234 470 1288 elium
492 1235 527 1289 ad
554 1236 666 1304 longum
687 1235 795 1297 auditis,
820 1233 941 1301 praefata
963 1233 1035 1285 alma
1057 1232 1210 1301 theologiae
1232 1235 1346 1290 facultas
1368 1240 1428 1304 post

209 1306 331 1369 01linium
350 1320 378 1370 et
396 1316 568 1384 singulorum
588 1318 772 1385 praefatorum
784 1314 977 1383 magistrorum
993 1317 1130 1367 maturam
1147 1315 1368 1372 deliberationem
1379 1334 1428 1386 per

214 1389 343 1459 ”teanum
354 1397 552 1464 praenominati
568 1397 692 1466 magistri
710 1395 843 1451 lobannis
855 1395 925 1459 llue,
938 1395 1043 1458 decani,
1058 1395 1165 1449 nemine
1177 1403 1337 1464 opponente,
1351 1415 1426 1466 prae-

221 1460 299 1530 dia„
308 1479 512 1544 quatuordecim
530 1478 725 1548 propositiones
737 1479 817 1532 modo
834 1482 862 1531 et
877 1478 965 1531 ferina
975 1482 1003 1531 et
1013 1481 1095 1544 prout
1105 1477 1259 1532 continetur
1270 1479 1299 1534 iu
1310 1480 1427 1547 quodam

224 1558 306 1626 papyri
323 1560 389 1615 folio
399 1561 434 1614 de
445 1563 528 1615 verbo
539 1563 697 1616 adverbum
710 1562 739 1616 in
751 1560 889 1629 praedicta
906 1558 1117 1627 congregatione
1129 1558 1230 1626 pluries
1240 1560 1311 1615 lecto
1321 1562 1427 1616 etmihi

220 1644 318 1698 aderio
335 1644 445 1712 publico
463 1645 564 1700 tradito
584 1644 760 1712 qualificavit.
783 1645 867 1711 (lirjus
886 1642 982 1712 papyri
1002 1641 1060 1696 folii
1079 1641 1167 1697 dictas
1186 1643 1381 1712 propositiones
1401 1648 1428 1700 et

218 1740 305 1780 urum
327 1727 555 1796 qualificationem
578 1726 740 1783 continentis
758 1733 837 1782 tenor
855 1727 889 1780 de
908 1727 990 1780 verbo
1009 1725 1044 1778 ad
1064 1726 1176 1778 verbum
1195 1726 1318 1793 sequitur
1338 1732 1366 1782 et
1385 1733 1426 1783 est

244 1888 341 1944 Frater
354 1889 492 1946 lohannes
503 1891 612 1961 Angeli,
625 1891 769 1960 religiosus
788 1891 903 1944 fratrum
920 1889 1065 1954 minorum,
1078 1888 1107 1943 in
1118 1889 1326 1958 quadragesima
1337 1890 1424 1945 novis·

207 1970 282 2026 sima
298 1972 405 2040 publice
422 1973 589 2040 praedicavit
604 1974 734 2029 articulos
753 1991 801 2027 seu
818 1972 1013 2041 propositiones
1030 1977 1170 2038 sequentes
1192 1975 1247 2026 tam
1266 1973 1296 2027 in
1312 1973 1426 2028 ecclesia

206 2052 467 2122 Tornacensiquam
485 2055 515 2110 in
532 2057 733 2125 parochialibus
749 2057 870 2111 eeclesiis
883 2060 1037 2110 sanctorum
1049 2056 1125 2110 Petri
1142 2062 1169 2109 et
1186 2055 1310 2118 Quintini
1323 2056 1425 2111 Torna-

204 2135 306 2200 oanais,
327 2135 447 2204 capitulo
466 2140 602 2205 praefatae
621 2139 751 2194 ecclesiae
771 2138 950 2192 'tornacensis
971 2137 1094 2192 subditis.
1116 2134 1167 2191 Cui
1190 2138 1286 2191 habes
1308 2137 1426 2192 minores

203 2222 358 2273 conventus
367 2219 486 2274 civitatis
495 2221 673 2276 Toruacensis
684 2223 803 2275 favorem
813 2228 839 2275 et
851 2219 1030 2274 assistentiam
1041 2219 1223 2273 omnimodam
1233 2220 1423 2286 praebuerunt.

176 2335 182 2340 -
241 2299 354 2353 Primus
378 2300 519 2356 arficulus.
544 2325 557 2346 ιι
588 2305 697 2358 Fratres
718 2304 836 2357 minores
859 2302 1021 2369 praesentati
1043 2302 1168 2369 episcopo
1189 2305 1217 2356 et
1235 2301 1344 2355 admissi
1363 2308 1427 2356 suut

205 2407 222 2431 ιι
235 2381 327 2451 propii
344 2385 494 2439 sacerdotes
511 2390 538 2440 et
554 2387 610 2440 veri
628 2387 716 2441 curati
735 2391 763 2440 ct
781 2386 878 2439 melius
897 2402 979 2452 quam
1000 2385 1147 2452 presbyteri
1165 2384 1343 2452 parochiales,
1361 2386 1426 2453 quia

201 2489 220 2512 ιι
233 2464 392 2519 facultatem
403 2463 480 2520 suam
491 2467 592 2522 habent
601 2486 619 2522 a
630 2486 735 2522 summo
746 2467 881 2535 pontifice,
895 2471 922 2521 et
938 2466 1003 2520 dicti
1021 2467 1170 2534 presbyteri
1182 2469 1217 2522 ab
1232 2468 1290 2536 ipsc
1301 2469 1425 2537 episcopo

204 2546 384 2603 »dumtaxat
409 2572 422 2594 ιι
446 2549 582 2616 Quicquid
609 2551 644 2605 sit
672 2552 705 2604 de
733 2551 820 2618 prima
842 2553 918 2617 parte
946 2554 1056 2616 propter
1077 2549 1326 2617 aequivocationem
1347 2549 1426 2604 isuus

201 2628 320 2684 termini
342 2632 463 2697 proprii,
481 2631 549 2686 dicit
571 2636 662 2686 tamen
680 2632 794 2685 facultas
816 2631 888 2699 quod
907 2628 1053 2698 propositio
1074 2629 1103 2683 in
1127 2648 1156 2684 se
1180 2641 1207 2687 et
1226 2633 1315 2699 quoad
1334 2640 1426 2686 omnes

201 2711 327 2777 reliquas
344 2717 433 2778 partes
449 2715 477 2766 et
493 2713 678 2780 probationem
689 2712 774 2780 partis
789 2711 910 2774 ultimae,
922 2711 952 2763 in
969 2727 1022 2777 qua
1039 2710 1140 2765 dicitur
1151 2713 1185 2765 ab
1204 2718 1329 2781 episcopo
1346 2714 1424 2764 dum-

203 2799 296 2856 twat,
317 2796 357 2846 est
378 2794 542 2858 scandaloso,
563 2794 593 2848 in
611 2795 663 2848 tide
688 2811 809 2857 erronea,
828 2791 991 2846 hierarchici
1014 2791 1118 2844 ordinis
1141 2792 1306 2848 destructiva
1325 2799 1353 2850 et
1374 2811 1424 2861 pro

203 2874 412 2928 conservatione
424 2877 542 2942 ejusdem
554 2877 657 2929 ordinis
669 2876 775 2943 publice
787 2875 938 2929 revocanda
949 2877 976 2926 et
988 2872 1147 2940 abjuranda.

240 2954 383 3011 &andus
399 2957 539 3010 articulus.
559 2979 571 3000 ιι
584 2957 770 3011 Parochianus
786 2957 922 3009 confessus
939 2953 1018 3008 dictis
1037 2955 1168 3008 fratribus
1184 2956 1314 3011 satisfecit
1332 2956 1423 3010 decre·

206 3061 221 3085 ιι
234 3036 287 3092 tali
306 3037 402 3090 Οιππίε
419 3044 562 3107 utriusque
577 3054 660 3091 saeua
676 3038 710 3092 de
721 3037 886 3106 poenitentia
898 3041 925 3090 et
940 3034 1106 3099 remissione,
1119 3052 1169 3089 nec
1183 3041 1291 3091 tenetur
1301 3037 1424 3092 confiteri

205 3142 221 3166 ιι
234 3117 348 3186 proprio
363 3136 411 3173 suo
423 3124 516 3173 curato
528 3121 610 3174 semel
621 3119 650 3173 in
661 3137 733 3174 anno
745 3120 839 3172 neceb
851 3135 883 3172 eo
895 3122 985 3185 petere
996 3117 1142 3171 licentiam.
1157 3141 1169 3162 ιι
1183 3118 1256 3173 llaec
1267 3119 1423 3186 propositio,

205 3203 240 3254 ut
246 3201 331 3267 jacet,
344 3205 384 3255 est
393 3202 550 3255 wendelose
560 3206 587 3255 et
593 3201 652 3269 juri
664 3201 801 3255 communi
818 3200 955 3253 contraria
965 3204 993 3253 et
1003 3215 1052 3266 pro
1063 3199 1233 3254 subditorum
1244 3199 1279 3252 ad
1290 3199 1424 3266 praelatos

203 3281 317 3338 debitae
329 3283 496 3338 obedientiae
506 3288 534 3337 et
543 3283 710 3337 reverentiae
721 3281 891 3336 observantia
902 3281 1010 3349 publice
1021 3281 1182 3335 revocanda.

241 3364 351 3419 Tertius
367 3365 534 3420 articulosa
554 3365 583 3418 Si
604 3372 714 3419 curatus
731 3371 836 3418 rccuset
852 3368 1050 3416 sacramentum
1071 3361 1251 3417 eucharistiae
1270 3361 1424 3416 ministrare

205 3474 221 3500 ιι
234 3449 402 3519 parochiano
419 3451 518 3504 eisdem
537 3449 667 3504 fratribus
677 3447 717 3501 sic
733 3448 862 3510 confesso,
875 3447 966 3500 veniat
985 3446 1033 3499 ille
1052 3446 1234 3513 parochianus
1250 3446 1286 3498 ad
1301 3446 1423 3508 fratrem,

206 3557 221 3581 ιι
234 3531 358 3599 quicum
375 3532 479 3587 audivit
493 3537 522 3586 et
537 3533 593 3600 ipse
609 3531 660 3585 sibi
677 3529 885 3584 administrabit.
900 3553 912 3574 ιι
927 3528 1000 3582 llaec
1012 3528 1158 3595 propositio
1174 3529 1204 3581 in
1221 3530 1309 3582 forma
1324 3527 1354 3580 in
1371 3543 1425 3594 qua

199 3617 290 3685 jacet,
308 3618 349 3669 est
367 3616 434 3669 falsa
453 3619 481 3669 et
501 3615 534 3668 de
556 3613 661 3667 haeresi
680 3611 837 3667 vehemente
856 3612 988 3678 suspecta,
1005 3609 1065 3678 juri
1085 3608 1222 3663 communi
1242 3607 1379 3663 contraria
1397 3612 1425 3663 et

204 3694 317 3766 publice
329 3696 487 3750 revocanda.

204 3811 207 3814 -
241 3775 362 3840 Quartus
380 3777 520 3832 articulus.
540 3796 553 3818 α
572 3776 688 3831 (iuratus
704 3771 868 3843 parochialis
887 3770 957 3825 nihil
977 3771 1056 3826 debet
1075 3770 1195 3838 recipere
1213 3788 1231 3824 a
1250 3768 1423 3839 parochianis

206 3883 222 3910 ιι
234 3859 292 3914 suis
309 3876 357 3928 pro
377 3859 542 3914 confessione
558 3861 586 3913 et
602 3862 831 3913 sacramentorum
851 3853 1093 3908 adnunmtratione.
1112 3852 1196 3907 Secus
1214 3857 1255 3907 est
1270 3853 1304 3907 de
1320 3852 1423 3905 mendi·

207 3943 368 3997 »canutus
381 3966 393 3989 ιι
413 3942 486 3996 llaec
503 3940 649 4009 propositio
666 3945 706 3994 est
724 3945 818 3993 contra
834 3936 1035 4004 dispositionem
1049 3935 1122 4004 juris
1141 3936 1274 3990 naturalis
1293 3942 1320 3988 et
1336 3934 1422 3988 divini

205 4041 371 4093 expressam.
384 4025 447 4079 ldeo
458 4024 526 4077 falsa
536 4030 564 4077 et
575 4023 679 4076 notorie
693 4021 838 4075 haeretica.

242 4103 360 4169 Quintus
370 4105 511 4161 articulus.
525 4125 537 4149 u
552 4104 667 4160 curatus
683 4119 803 4158 asserens
819 4099 997 4169 parochianos
1012 4115 1075 4154 suos
1091 4097 1217 4166 obligari,
1230 4101 1261 4152 ut
1275 4095 1328 4150 sibi
1340 4096 1424 4152 contl-
