3194 5408
597 529 698 585 ANNO
717 531 793 584 1472
1259 529 1306 580 427

79 682 136 734 qua
155 664 184 720 16
202 666 257 720 illis
274 667 354 722 multi
371 671 435 723 sunt
451 669 516 724 boni
533 686 582 725 nec
600 670 681 724 166116
697 670 736 737 hij
754 669 788 723 ab
800 666 855 722 illis
865 666 1067 728 discernuntur,
1081 668 1108 721 et
1118 663 1309 734 quodpropter

78 747 206 823 triticum
216 747 319 802 zizania
328 751 584 816 usqueadmessem
596 752 744 807 dimittitur
759 793 873 806 ......
887 752 930 816 (1).

116 832 158 885 Ex
169 831 295 885 omnibus
305 831 442 900 premissis
454 839 567 902 apparat
580 834 698 902 qualiter
711 834 762 889 hec
773 835 826 888 due
837 832 1000 901 principales
1008 829 1172 885 asserciones
1183 828 1308 898 magistri

79 913 216 967 lobannis
227 912 334 978 Leonis,
348 913 437 982 prima
448 916 482 970 da
494 915 631 971 occisione
640 920 667 971 at
677 915 874 985 persecutione,
886 919 949 976 etc..
961 913 1079 967 secunda
1089 913 1123 966 da
1134 911 1242 976 marito,
1254 916 1307 966 ate.

80 1013 145 1048 cum
157 995 263 1050 duabus
274 996 503 1064 propositionibus
514 999 544 1053 in
557 999 607 1053 1116
621 999 734 1054 inclusis
745 997 886 1067 implicite,
899 1000 962 1051 sunt
973 995 1002 1049 in
1013 996 1066 1050 fide
1075 1012 1195 1058 erronea,
1209 999 1304 1049 contra

80 1095 188 1133 sacram
199 1078 363 1147 scripturam
376 1084 405 1136 et
415 1081 537 1138 doctores
549 1087 656 1137 sanctos
668 1099 717 1150 per
729 1081 872 1136 ecclesiam
880 1079 1051 1148 approbatas,
1061 1078 1225 1141 scandaloso,
1237 1077 1307 1131 sadi-

80 1162 157 1217 ciosa
166 1166 194 1218 61
204 1163 312 1230 piarum
323 1164 434 1219 aurium
445 1166 585 1221 offensiua.

117 1244 176 1298 llec
194 1245 245 1298 sub
260 1245 437 1311 correctione,
457 1251 488 1304 ut
511 1247 540 1302 in
559 1246 705 1318 principio,
729 1246 817 1316 posita
836 1249 899 1301 sunt
915 1261 1024 1314 parma
1041 1243 1306 1314 EgidiumCarlarlj,

81 1327 217 1382 (16666666
228 1326 342 1382 ecclesie
354 1330 566 1396 Cameracensis,
582 1336 609 1386 at
620 1330 686 1385 huic
697 1329 799 1398 scripto
809 1331 947 1384 annotata.

347 1444 494 1511 Carlerius,
509 1447 569 1502 deal
580 1445 602 1510 1,
614 1443 812 1511 rarhandehng
824 1447 849 1498 8.

651 1617 744 1686 350.

140 1809 227 1879 mar
246 1811 437 1881 November
454 1813 557 1890 1472,
576 1808 926 1897 116166νῇ160661661
949 1828 1013 1874 ran
1037 1807 1100 1872 166
1124 1807 1309 1894 Kamarijlr·

83 1915 187 1982 echan
211 1914 319 1982 161666
343 1914 480 1994 0661166,
507 1936 546 2002 op
569 1935 737 2000 aanvraag
760 1934 824 1981 van
850 1913 964 1999 aaniga
988 1911 1180 1998 geloovigan
1205 1912 1308 1996 uitga-

82 2019 213 2100 bracht,
233 2038 311 2088 ovar
327 2019 385 2087 het
402 2018 572 2105 afwarpen
589 2040 654 2086 van
671 2039 732 2086 666
756 2017 1002 2085 Christusbaald
1018 2018 1050 2083 in
1067 2018 1144 2083 deza
1161 2016 1245 2083 stad.
1266 2053 1308 2066 —

82 2126 251 2210 Dagousa,
266 2122 318 2189 die
341 2121 435 2189 zulks
453 2124 555 2189 ander
570 2144 631 2190 666
655 2122 813 2190 varkeerd
838 2122 1064 2191 voorwendsal
1090 2120 1216 2188 hebben
1233 2119 1308 2186 dur-

83 2248 149 2295 666
165 2227 259 2306 1666,
286 2228 416 2292 mosten
441 2226 599 2293 vardacht
614 2227 749 2292 worden
773 2227 807 2294 in
830 2227 899 2294 hun
924 2225 1035 2312 galoof
1047 2246 1088 2291 an
1111 2224 1235 2290 zoudan
1260 2224 1310 2289 616

82 2329 246 2416 dusdanig
260 2325 342 2396 rdbr
357 2328 396 2394 da
407 2327 716 2415 galoolsrachtbanlr
733 2336 862 2399 moetan
879 2329 1027 2418 gedaagd
1042 2327 1188 2396 worden.

120 2517 221 2572 eontra
232 2513 430 2585 yconemacbos
443 2514 482 2569 ad
492 2517 661 2569 instantiam
672 2514 835 2584 aliquotam
845 2515 987 2584 fidelium.

117 2627 202 2685 Casus
218 2635 259 2686 ast
274 2630 347 2684 tel'm.
369 2628 458 2683 Tanto
471 2636 602 2697 tempora,
620 2629 654 2683 de
671 2628 750 2683 cuius
768 2630 900 2685 memoria
915 2630 1058 2685 hominum
1075 2647 1129 2684 non
1147 2630 1247 2694 existit,
1259 2629 1313 2684 1611

82 2713 202 2781 quedam
224 2729 291 2767 crux
313 2711 422 2779 lapidea
442 2710 507 2765 satis
530 2712 648 2764 formosa
670 2709 722 2764 sita
752 2710 828 2765 iuxta
850 2712 1046 2766 monasterium
1070 2710 1164 2766 Sancti
1187 2711 1311 2779 Sepulcri

84 2793 297 2857 Cameracensis,
309 2794 404 2861 inqua
416 2797 474 2847 arat
486 2795 603 2858 quedam
616 2809 714 2861 ymago
727 2791 829 2847 Christi
846 2794 879 2848 da
897 2794 1022 2862 sepulcro
1039 2793 1187 2860 surgentis,
1198 2794 1311 2847 honesto

83 2877 183 2932 decore
194 2878 351 2944 composita,
363 2892 416 2942 qua
427 2875 633 2930 transeuntibus
646 2882 704 2931 arat
715 2875 744 2928 in
762 2875 905 2931 Dominice
916 2878 1048 2945 passionis
1059 2884 1086 2933 et
1102 2876 1312 2934 resurrectionis

83 2959 283 3014 monimentum
295 2963 322 3012 61
333 2957 485 3026 peregrinis
496 2958 625 3025 prebebat
636 2958 766 3013 ducatum
776 2979 784 3025 3
797 2975 864 3025 quas
877 2959 1033 3029 ymaginem
1046 2960 1150 3014 scilicet
1161 2967 1188 3016 at
1200 2976 1309 3015 crucam

83 3042 197 3109 quidam
215 3041 289 3095 iussu
309 3040 451 3094 cuiusdam
471 3041 521 3094 sub
540 3046 665 3108 pretextu
677 3041 875 3095 iurisdictionis
895 3043 1063 3097 contentiose
1079 3043 1224 3097 asserentis
1240 3043 1312 3110 ipsas

84 3143 145 3180 aeae
163 3124 193 3179 in
211 3124 401 3179 iurisdictione
419 3141 478 3189 666,
502 3124 600 3178 abbate
621 3131 648 3178 at
671 3130 809 3180 conuentu
837 3127 936 3195 prefati
962 3131 1119 3194 monasterii
1144 3128 1312 3181 contrarium

83 3207 248 3271 dicentibus,
267 3211 474 3274 prostrauarunt
495 3207 688 3271 irreuarenter,
701 3206 893 3275 ignominiose,
905 3208 989 3276 impia
1006 3215 1033 3262 et
1048 3209 1244 3276 blasphemam,
1257 3227 1312 3264 non

82 3290 174 3345 solum
183 3304 302 3355 crucam,
314 3289 360 3343 sad
372 3292 399 3343 61
412 3287 570 3356 ymaginem
588 3288 674 3355 ipsam
692 3289 892 3357 disrumpentes
908 3289 1081 3344 membratim
1098 3291 1206 3353 faciam,
1221 3292 1313 3346 oculos

84 3370 630 3439 6166666661611661666366166,161616
650 3371 824 3437 crudeliores,
843 3379 875 3425 ut
895 3372 984 3441 prima
1002 3371 1072 3427 16616
1088 3375 1245 3442 apparebat,
1264 3375 1312 3441 qui

83 3456 185 3512 1661666
202 3455 313 3510 Domini
333 3456 420 3523 alapis
440 3455 607 3517 oeciderunt,
628 3455 715 3523 sputis
735 3456 924 3522 deturparunt,
944 3473 998 3510 666
1016 3464 1107 3511 tamen
1125 3458 1311 3525 disruperunt,

82 3540 152 3608 quia
168 3539 300 3606 scriptum
320 3544 379 3593 est:
402 3558 414 3581 a
428 3538 465 3591 Os
487 3554 544 3591 non
560 3537 750 3591 comminuetis
767 3554 800 3591 ex
817 3555 849 3591 ao
862 3557 889 3604 „3
909 3539 943 3591 ad
960 3555 1077 3605 quorum
1089 3539 1235 3606 pernitiem
1247 3540 1313 3594 16611

83 3629 193 3689 tempus
203 3639 312 3675 sacrum
324 3639 377 3687 quo
388 3621 439 3675 hac
452 3622 584 3685 fecarunt,
600 3621 705 3674 scilicet
721 3621 873 3689 septimana
890 3621 1075 3689 penitentialis
1091 3623 1309 3691 quadragesime,

83 3703 247 3759 ammonitio
267 3704 390 3758 fidelium
407 3721 441 3758 na
451 3702 519 3757 talia
530 3704 741 3765 committerent,
755 3703 799 3756 sed
818 3720 834 3756 a
851 3703 936 3771 captis
952 3703 1120 3769 desisterent,
1134 3707 1179 3759 cui
1191 3706 1312 3773 acquies-

83 3803 149 3841 cere
159 3785 317 3848 noluarunt,
329 3785 464 3853 oppositio
476 3782 596 3839 ciroteca
608 3785 690 3839 166616
702 3785 736 3838 61
745 3802 831 3838 unum
841 3784 985 3838 brachium
998 3802 1046 3853 per
1057 3803 1140 3852 quam
1152 3787 1314 3841 videbantur

85 3867 231 3938 protestari
244 3868 360 3922 1616616
378 3867 430 3921 hoc
440 3867 479 3920 ais
495 3866 572 3920 licite
585 3871 612 3920 et
628 3868 751 3933 potentia
767 3867 883 3921 seculari
900 3884 929 3920 sa
941 3868 1011 3922 vella
1027 3869 1108 3935 tueri,
1121 3868 1243 3922 dimissio
1256 3887 1314 3937 par·

83 3949 235 4005 ticulerum
247 3947 328 4002 166161
342 3954 369 4002 61
386 3947 470 4001 totius
487 3947 625 4015 ymaginis
642 3947 682 4001 sic
699 3947 838 4001 diffamata
855 3947 941 4001 multo
953 3953 1074 4016 tempora
1091 3950 1121 4002 in
1137 3950 1243 4017 plateis,
1261 3966 1315 4016 que

83 4032 120 4086 ad
142 4030 352 4085 obstinationem
374 4034 496 4098 spectare
516 4029 653 4085 videntur.
678 4030 747 4082 Nam
771 4034 798 4084 et
819 4029 852 4082 16
872 4029 1023 4097 penitentia
1044 4047 1137 4084 aarum
1159 4031 1315 4085 nullatenus

83 4117 202 4176 constat,
220 4113 380 4178 quinymmo
391 4112 461 4166 collo
480 4116 592 4166 extenso
610 4112 665 4165 acsi
680 4110 768 4165 nichil
784 4111 850 4164 mali
868 4110 995 4179 egissent,
1014 4112 1158 4167 ambulant
1175 4111 1314 4180 intrepidi,

84 4194 176 4250 securi
188 4201 301 4249 manant
313 4199 339 4248 at
352 4193 412 4248 sine
423 4195 535 4248 rubore.
1245 4259 1248 4262 A

120 4276 253 4338 Queritur
267 4281 360 4330 utrum
378 4275 423 4329 isti
440 4275 568 4341 1666666
585 4275 690 4329 166666
703 4280 860 4340 narrantur,
877 4275 952 4329 licita
969 4276 1059 4330 166666
1070 4280 1227 4343 potuerunt.
1249 4275 1315 4328 Item

120 4530 159 4595 (l)
172 4528 256 4596 Volgt
267 4546 332 4584 aena
344 4529 450 4586 nieuwe
460 4531 540 4586 reales
551 4529 659 4588 6116166.
