3194 5408
599 469 700 525 ANNO
718 473 794 526 1484

645 673 736 744 375.

131 862 241 940 1484,
261 861 445 930 December
467 864 501 942 5,
520 867 638 934 Rome.
664 865 725 930 Bul
751 883 816 931 van
838 862 1048 931 Innocentius
1063 861 1142 928 VIII
1164 882 1242 928 over
1267 863 1307 930 de

77 965 243 1032 machten
254 964 313 1032 der
328 965 539 1051 inquisiteurs
555 970 588 1035 In
605 969 627 1035 ’t
643 967 799 1035 Duitsche
814 966 891 1055 rijli.
909 1003 953 1014 —
968 966 1027 1032 Om
1042 965 1082 1032 de
1104 965 1241 1053 tooverij
1266 986 1308 1032 en

77 1067 147 1135 liet
162 1066 318 1153 ougeloof
324 1069 373 1136 uit
389 1073 424 1136 te
439 1070 549 1136 roeien
565 1071 631 1138 had
646 1071 687 1137 de
702 1090 783 1157 pens
800 1089 940 1155 vroeger
953 1071 1041 1136 twee
1055 1066 1305 1155 predikheeren‚

79 1169 237 1239 Hendrik
253 1171 417 1239 Institoris
433 1193 474 1240 en
490 1171 591 1241 Jacob
606 1173 771 1260 Sprenger
785 1172 834 1240 als
855 1170 1215 1258 geloofsonderaoekers
1230 1191 1310 1238 aan-

81 1273 227 1361 geeteld
247 1274 287 1340 de
301 1280 409 1343 cerate
426 1295 505 1342 over
520 1275 636 1343 nekere
652 1280 820 1361 gewesten
835 1296 900 1342 van
917 1273 1137 1350 Duitschlund,
1154 1274 1308 1362 namelijk

83 1395 171 1444 over
182 1376 220 1443 de
232 1376 520 1446 aartsbisdommen
531 1379 649 1456 Mainz,
660 1379 801 1455 Rodien,
812 1378 917 1449 Trier.
928 1375 1085 1462 Salzbnrg
1100 1396 1141 1442 en
1155 1377 1305 1457 Bremeu‚

84 1499 130 1546 en
149 1479 188 1546 de
205 1481 331 1547 twaede
353 1502 433 1549 over
448 1482 565 1549 celere
581 1490 749 1568 gewesten
762 1481 821 1546 der
838 1479 1046 1568 RiJnlanden.
1063 1480 1157 1546 Maur
1172 1480 1210 1547 de
1226 1500 1306 1565 paus

83 1578 384 1661 heestvernomen
400 1583 506 1651 datin
523 1584 575 1652 die
596 1584 730 1652 stroken
746 1583 786 1650 de
804 1583 936 1671 letterij
961 1603 1002 1650 en
1025 1582 1065 1648 de
1080 1581 1216 1669 tooverij
1235 1601 1307 1647 ver·

85 1682 325 1772 schrilrlielijlie
341 1688 605 1773 verwoestingen
621 1686 813 1755 aanrichten
833 1705 873 1751 en
894 1684 950 1752 dat
973 1704 1010 1749 er
1029 1684 1242 1772 geestelijlien
1266 1705 1308 1751 en

85 1785 207 1852 leelien
219 1788 388 1872 gevonden
399 1790 547 1866 worden,
564 1790 626 1868 die,
643 1789 752 1856 omdat
767 1789 807 1854 de
822 1807 980 1873 vroegere
992 1784 1101 1853 bullen
1119 1787 1187 1853 niet
1198 1786 1310 1853 duide-

84 1889 151 1977 lijk
167 1909 291 1976 genoeg
319 1911 443 1970 waren,
462 1893 534 1960 zioh
563 1895 629 1960 niet
646 1895 801 1961 schamen
824 1893 881 1959 het
908 1891 999 1958 werlo
1018 1892 1076 1958 der
1098 1891 1309 1976 inquisiteurs

83 1996 124 2058 te
139 1988 281 2059 beletten
294 2014 333 2060 en
346 1994 438 2060 alzoo
451 1997 522 2061 vele
535 1996 727 2083 schuldigen
741 1994 926 2082 ongestralt
943 1996 1043 2061 laten.
1054 1994 1191 2059 Daarom
1202 1994 1258 2059 wil
1271 1993 1311 2060 de

85 2114 173 2179 paus
187 2095 250 2160 alle
267 2097 515 2185 moeilijkheden
531 2099 579 2165 uit
593 2099 655 2165 den
669 2120 744 2186 weg
757 2099 882 2165 ruimen
896 2119 934 2163 en
949 2117 1010 2163 aen
1024 2097 1102 2162 deae
1119 2097 1236 2162 landen
1253 2096 1310 2162 het

84 2193 397 2283 geloofsonderzoeli
437 2199 663 2288 waarborgen,
699 2203 753 2268 dat
789 2200 856 2267 hun
892 2199 1049 2267 toekomt.
1091 2197 1309 2281 Dienvolgens

83 2297 199 2365 cullen
215 2299 254 2365 de
278 2310 363 2366 twee
390 2302 597 2388 inquisiteurs
614 2305 681 2370 hun
698 2303 787 2370 ambt
803 2303 999 2388 ongestoord
1024 2323 1065 2369 en
1090 2301 1230 2387 volledig
1247 2301 1310 2367 uit-

83 2399 241 2480 oeseneu,
260 2405 449 2493 geramelijk
466 2405 504 2472 of
514 2408 635 2489 alleen,
653 2410 722 2473 met
738 2405 911 2492 medehnlp
928 2427 992 2473 van
1016 2408 1079 2473 Jan
1095 2405 1253 2491 Grempsr
1278 2403 1315 2470 oi

84 2523 158 2571 vau
173 2524 277 2573 eenen
293 2507 437 2575 anderen
453 2511 587 2577 notaris.
606 2511 652 2576 De
667 2530 748 2595 paus
764 2507 895 2576 beveelt
908 2529 971 2576 aen
995 2508 1059 2575 den
1081 2506 1230 2593 bisschop
1247 2527 1311 2574 van

82 2606 315 2695 Straatsburg,
335 2610 392 2677 dat
414 2610 460 2700 hij
478 2611 518 2678 ds
534 2612 745 2699 inquisiteurs
759 2611 979 2698 liraohtdadig
994 2613 1081 2678 most
1102 2609 1314 2678 beschemen

83 2729 146 2789 en,
160 2729 219 2778 zoo
234 2712 365 2800 noodig,
384 2712 423 2781 de
439 2715 518 2799 hulp
534 2736 598 2782 ven
613 2715 676 2783 den
692 2715 922 2804 wereldlijlien
934 2735 1005 2782 arm
1021 2714 1190 2800 inroepen.

124 2913 299 2969 Innocentius
315 2914 568 2985 episcopusservus
584 2935 723 2973 servorum
742 2919 804 2973 Dei.
816 2919 859 2974 Ad
877 2923 1037 2989 perpetuam
1053 2917 1094 2974 rei
1110 2915 1280 2972 memoriam.

125 2998 245 3055 Summis
261 2999 444 3054 desiderantes
461 3000 612 3064 affectibus,
631 3007 712 3069 prout
729 3002 872 3069 pastoralis
894 3002 1077 3056 solicitudinis
1100 3017 1168 3055 cura
1188 2999 1312 3067 requIrit,

84 3086 124 3136 ut
150 3078 215 3136 tidei
233 3080 368 3136 catholica
389 3084 489 3136 nostris
505 3084 646 3151 potissime
662 3083 830 3150 temporibus
846 3083 948 3151 ubique
967 3090 1102 3154 augeatur
1118 3089 1145 3137 et
1164 3082 1261 3136 floreat
1282 3097 1314 3134 uc

85 3164 184 3220 omnis
193 3163 331 3220 haeretica
339 3163 459 3231 pravitas
470 3164 504 3220 de
515 3166 616 3223 fluibus
632 3165 756 3221 fidelium
768 3167 864 3235 procul
881 3166 1008 3234 pellatur,
1021 3182 1054 3220 es
1069 3165 1187 3220 libenter
1197 3162 1315 3219 declara·

86 3264 157 3302 mus
166 3264 199 3301 ac
209 3248 291 3302 etism
303 3248 338 3304 de
349 3264 420 3302 novo
431 3249 605 3304 concedimus
616 3265 665 3317 per
675 3266 746 3316 ques
757 3248 914 3319 hujusmodi
926 3248 1000 3316 pium
1012 3246 1176 3302 desiderium
1193 3252 1316 3302 nostrum

86 3327 216 3383 votivum
233 3329 363 3383 tertiatur
374 3330 511 3394 effectum,
524 3330 684 3398 cunctisque
700 3337 845 3400 propterea
864 3347 910 3389 rer
927 3337 1035 3384 nostrae
1046 3329 1212 3397 operationis
1224 3328 1317 3382 minis·

86 3410 205 3472 terium.
216 3415 293 3479 quusi
306 3429 355 3482 per
366 3413 474 3481 providi
484 3414 651 3480 operationis
668 3417 806 3469 sarculum
817 3414 956 3468 errcrIbus
967 3413 1116 3481 extirpatis.
1125 3411 1243 3480 ejusdem
1251 3407 1316 3463 fidei

86 3493 204 3550 xeluset
213 3495 387 3550 observantia
398 3496 427 3549 in
439 3496 560 3564 ipsorum
570 3496 654 3550 corda
665 3496 787 3551 fidelium
799 3498 898 3551 fortine
910 3495 1097 3563 imprimatur.

130 3574 201 3630 Sene
212 3593 298 3645 nuper
309 3579 343 3632 ed
361 3584 483 3633 nostrum
501 3596 556 3634 non
573 3581 632 3633 siue
650 3580 756 3649 ingenti
775 3580 899 3635 molestia
917 3586 1039 3647 pervenit
1056 3578 1190 3641 auditum,
1202 3576 1274 3643 quod
1286 3574 1316 3629 in

88 3658 237 3715 nonnullis
254 3659 377 3727 partibus
394 3661 551 3715 Alemaniae
576 3663 725 3729 superioris
741 3680 847 3717 necnon
870 3663 898 3716 in
917 3659 1133 3724 Mauiintinensi,
1152 3655 1316 3720 Coloniensi,

89 3742 262 3808 Trevirensi,
281 3744 531 3814 Saltzumbui·gensi
549 3753 576 3800 et
593 3746 735 3800 Bremeusi
759 3743 916 3812 provinciis,
946 3742 1112 3804 civitatibus,
1138 3741 1226 3803 terris,
1250 3737 1318 3792 locis

91 3835 127 3885 et
137 3827 288 3882 diocesibus
304 3827 458 3895 complures
474 3828 617 3895 utriusque
634 3845 714 3882 sexus
730 3844 869 3897 personae,
888 3826 1016 3894 propriae
1032 3824 1127 3878 saluus
1146 3822 1318 3877 immemores

92 3916 127 3968 et
137 3928 154 3966 a
166 3910 219 3964 fide
235 3908 370 3964 catholica
386 3911 533 3974 deviantes,
546 3928 608 3965 cum
620 3909 797 3965 daemonibus
813 3908 922 3963 incubis
940 3913 967 3962 et
983 3904 1109 3961 succubis
1120 3905 1196 3961 abuti
1213 3922 1246 3959 ac
1262 3903 1318 3958 suis

92 3991 331 4047 incantationibus
341 3999 369 4048 et
379 3992 546 4046 carminibus
557 3999 584 4048 et
595 3991 840 4060 conjurationibus,
853 3990 969 4056 aliisque
982 3989 1115 4053 nefandis,
1125 3985 1318 4056 superstitiosis

92 4081 128 4132 et
145 4075 282 4144 sortilegis
308 4072 469 4138 excessibus,
487 4073 649 4128 criminibus
669 4078 697 4127 et
720 4071 837 4136 delictis,
855 4071 1003 4125 mulierum
1026 4077 1129 4138 partus,
1155 4068 1316 4122 animalium

92 4162 297 4224 foetus‚te1rae
314 4159 408 4224 fruges
417 4173 524 4211 necnon
541 4157 673 4218 homines,
686 4155 824 4218 mulieres,
837 4171 945 4222 pecora,
958 4154 1075 4222 pecudes
1090 4159 1117 4208 et
1133 4151 1188 4205 alie
1204 4151 1318 4204 diverso·

93 4257 161 4296 rum
173 4257 304 4309 generum
316 4238 455 4301 animalia,
467 4237 560 4290 vineas
570 4253 685 4304 quoque,
699 4235 831 4304 pomeria.
846 4241 932 4302 prata,
952 4252 1060 4302 pascua,
1073 4235 1163 4298 blada,
1182 4235 1318 4287 frumenta

94 4329 127 4380 et
138 4323 192 4376 clia
204 4329 293 4376 terrae
305 4321 446 4389 legumina
458 4319 555 4386 perire.
566 4318 694 4372 suffocari
709 4325 736 4372 et
747 4318 872 4385 extingui
884 4318 972 4370 facere
981 4322 1010 4370 et
1025 4333 1181 4385 procurare.
1197 4316 1319 4382 ipsosque

95 4404 233 4469 homines,
247 4403 383 4464 mulieres,
393 4406 527 4470 jumenta,
546 4417 653 4468 pecora,
673 4400 789 4467 pecudes
811 4407 839 4453 et
861 4398 991 4452 animalia
1008 4399 1076 4451 diris
1093 4405 1147 4451 tem
1166 4396 1321 4450 intrinsecis

97 4503 184 4561 quarn
194 4485 353 4545 extrinsecis
363 4485 503 4540 doloribus
514 4490 540 4542 et
551 4485 695 4539 tormentis
706 4483 814 4540 afficere
824 4487 852 4538 et
863 4485 1069 4546 excruciemus
1080 4481 1185 4537 eosdem
1196 4480 1320 4537 homiues
