3194 5408
188 554 220 603 82
696 544 796 600 ANNO
815 542 898 600 1232Ι

184 690 292 745 dotibus
313 704 367 743 non
384 705 460 756 posse
480 687 577 741 confici
596 687 731 749 dicebant,
752 686 801 741 alii
818 703 917 755 corpus
934 686 1044 740 Domini
1064 682 1255 738 indifferenter
1275 700 1296 735 a
1314 683 1380 735 viro
1397 686 1427 736 et

185 772 311 836 muliere,
323 770 457 833 ordinato,
471 771 499 824 iu
511 771 644 825 scluitclla
656 774 683 824 ct
694 770 780 825 culice
791 774 819 824 et
830 770 931 837 ubique
942 771 1065 823 locorum
1078 784 1155 836 posse
1166 765 1266 819 confici
1280 765 1424 827 dioebant,

186 852 235 906 alii
247 849 481 905 confirmationem
501 856 529 903 ct
550 851 705 903 unctionem
725 851 890 916 superfluam
898 848 1070 917 judicabant,
1089 849 1137 901 alii
1158 866 1267 903 summo
1284 847 1425 917 pontifici,

187 934 260 987 clero
271 937 299 986 et
309 931 437 998 religioni
450 933 627 999 derogabant.
641 931 689 984 alii
701 931 836 985 defunctis
844 930 976 998 suffragia
988 930 1117 984 ecclesiae
1128 931 1256 998 prodesse
1268 930 1424 999 negabant,

187 1014 235 1067 alii
247 1017 347 1067 matres
360 1012 492 1081 proprias,
512 1014 776 1081 consanguinitatem
788 1031 857 1080 quac
869 1013 907 1065 ibi
920 1018 987 1075 erat,
1000 1011 1094 1066 XVIII
1105 1012 1227 1066 denariis
1242 1011 1425 1075 redimentes,

185 1096 215 1149 in
227 1096 387 1165 conjugium
398 1095 550 1158 sumebant,
569 1094 617 1147 alii
630 1095 762 1161 pallidum
779 1094 916 1147 hominem
935 1098 998 1148 ante
1009 1099 1037 1147 ct
1047 1098 1150 1148 cattum
1161 1098 1239 1149 reue
1256 1094 1426 1148 osculaban-

187 1183 241 1241 tur,
254 1179 303 1231 alii
325 1177 382 1231 dies
400 1193 492 1230 omnes
512 1176 739 1243 aequipendentes
758 1175 850 1230 seriari
862 1177 1024 1244 etjcjunare
1036 1177 1172 1240 nolebant,
1184 1176 1259 1231 unde
1277 1180 1310 1231 et
1328 1175 1429 1231 diebus

185 1260 290 1315 festivis
299 1261 482 1328 operabantur
492 1258 558 1312 etin
568 1275 712 1326 parasceve
721 1276 816 1312 carnes
825 1257 1035 1312 manducabant.

221 1344 309 1411 Super
320 1342 363 1396 his
373 1341 560 1395 Theodoriana
569 1341 789 1408 archiepiscopus
800 1342 932 1407 synodum
944 1342 1042 1405 tenuit,
1053 1344 1081 1395 et
1089 1341 1154 1409 quia
1164 1340 1272 1396 invenit
1280 1358 1344 1396 esse
1352 1340 1428 1396 inter

186 1426 257 1489 illos,
277 1424 324 1492 qui
347 1425 480 1478 haberent
497 1423 663 1490 episcopum,
682 1440 763 1490 quum
786 1422 1023 1490 cognominassent
1043 1425 1191 1477 secundum
1214 1440 1301 1477 suum
1323 1440 1426 1478 nomen

189 1506 398 1567 Theodericum,
419 1511 447 1559 ct
465 1504 538 1558 idem
559 1505 625 1558 alibi
646 1505 772 1558 fecissent
794 1505 828 1558 de
846 1505 979 1572 episcopis
999 1504 1118 1559 aliorum
1142 1506 1277 1570 loconim,
1300 1505 1428 1574 itemque

187 1591 320 1644 haberent
331 1587 512 1642 communiter
524 1605 621 1654 papam
634 1589 743 1641 nomine
760 1587 933 1655 Gregorium,
947 1592 978 1641 ut
1000 1588 1023 1640 si
1041 1587 1282 1656 interrogarentur
1305 1589 1344 1643 de
1360 1590 1426 1649 tide,

186 1690 247 1727 eam
260 1674 341 1726 tidem
353 1691 381 1726 se
393 1674 493 1727 habere
506 1674 636 1734 dicerent,
650 1689 731 1739 quam
744 1670 825 1725 habet
843 1688 913 1739 papa
924 1676 951 1724 et
968 1670 1015 1724 ille
1026 1671 1176 1738 episcopus,
1189 1688 1237 1725 eos
1255 1671 1429 1727 nominatim

188 1755 359 1809 nominantes
370 1760 398 1808 ct
408 1773 471 1808 suos
483 1755 660 1813 intendentes,
674 1755 726 1807 hoc
737 1753 957 1821 archiepiscopus
969 1753 1077 1820 publice
1088 1753 1251 1808 enuntiavit.

220 1835 252 1889 ln
272 1837 366 1889 cadem
387 1837 488 1903 synodo
505 1842 560 1890 tres
579 1835 710 1889 haeretici
730 1835 818 1888 exusti
836 1840 899 1888 sunt
918 1839 946 1888 et
966 1851 1021 1888 una
1043 1834 1143 1889 mulier
1166 1834 1336 1899 Luokerdis,
1356 1852 1429 1904 quae

186 1918 342 1972 incredibili
366 1920 559 1973 lamentatione
581 1919 693 1987 lugebat
716 1917 872 1970 Luciferum
896 1918 930 1970 de
952 1917 1028 1971 coelo
1048 1918 1149 1987 injusto
1170 1924 1329 1984 extrusum,
1343 1936 1428 1987 quem

188 2002 296 2056 volebat
307 2003 396 2057 denuo
408 2004 529 2057 relocare
538 2002 567 2055 in
579 2003 694 2055 coelum.

450 2117 549 2183 blansi,
562 2118 621 2172 decl
633 2115 738 2180 xxlss,
751 2115 801 2169 blz.
813 2119 871 2169 241.

766 2342 831 2409 ea.
925 2415 930 2425 ,

238 2531 339 2608 1232,
360 2530 536 2598 Februurz'
548 2532 582 2608 3,
600 2534 706 2599 Reate
722 2532 843 2617 (Rieu).
864 2531 924 2597 Bul
942 2551 1007 2595 van
1023 2528 1201 2615 Gregorius
1217 2529 1269 2596 IX
1289 2528 1428 2616 gericht

188 2639 240 2702 tot
260 2634 438 2701 Hendrikl
466 2635 528 2700 den
556 2636 784 2723 strijdlustige‚
816 2636 935 2720 hertog
950 2654 1015 2699 van
1039 2632 1195 2712 mebant,
1214 2654 1270 2699 om
1285 2633 1369 2699 hem
1384 2633 1426 2699 de

189 2739 400 2823 inquisiteurs
428 2738 487 2804 der
513 2739 831 2824 predikheerenorde
855 2760 918 2805 aaa
946 2742 979 2803 te
1007 2735 1156 2803 bevelen.
1185 2774 1233 2785 —
1259 2736 1315 2802 Na
1343 2757 1427 2803 eene

190 2841 348 2927 inleiding
370 2863 450 2907 over
473 2843 535 2908 deu
560 2843 666 2909 duivel
691 2865 732 2907 en
753 2843 791 2907 de
810 2841 955 2928 ketterij‚
976 2840 1101 2907 waarin
1118 2839 1163 2925 hij
1188 2824 1352 2906 vaststelt
1368 2840 1428 2907 dat

190 2944 248 3010 het
272 2946 383 3030 geloof
402 2947 435 3011 in
459 2947 517 3014 liet
540 2947 693 3012 Duitsche
721 2946 798 3034 Rijk
825 2946 935 3011 sedert
962 2945 1040 3030 lang
1056 2942 1328 3029 ongeschonden
1352 2963 1427 3009 was

190 3047 361 3134 gebleven,
380 3050 549 3116 verklaart
573 3050 613 3115 de
635 3071 727 3135 paus,
755 3050 812 3115 dat
834 3050 873 3114 de
897 3049 975 3114 orde
1000 3047 1058 3113 der
1082 3046 1327 3132 predikheeren
1340 3046 1429 3134 juist

190 3150 270 3217 door
285 3153 354 3218 God
371 3155 522 3219 verwekt
538 3154 629 3220 werd
653 3153 849 3241 gelijktijdig
866 3160 931 3217 met
948 3152 987 3217 de
1002 3149 1210 3235 verbreiding
1226 3149 1286 3217 der
1312 3150 1427 3219 kette-

190 3256 275 3342 rijen
298 3261 355 3321 ten
380 3257 473 3323 einde
498 3278 534 3323 er
556 3263 655 3342 tegeu
681 3266 712 3323 te
737 3257 829 3322 velde
845 3261 879 3322 te
895 3254 1049 3322 trekken.
1067 3252 1226 3321 Christus'
1242 3253 1427 3320 voorbeeld

192 3360 396 3444 navolgeude
419 3361 610 3445 aengaande
634 3361 690 3427 het
716 3360 888 3427 nitzenden
913 3380 976 3424 van
1000 3359 1143 3443 apostels
1160 3377 1201 3423 en
1225 3356 1422 3442 discipelen,

191 3463 289 3527 zendt
313 3463 352 3527 de
376 3485 456 3548 paus
473 3485 516 3529 nu
534 3465 647 3549 eenige
663 3463 900 3549 predikheereu
918 3483 1000 3528 naar
1023 3460 1082 3526 het
1098 3458 1253 3527 Duitsche
1269 3460 1352 3548 Rijk
1369 3479 1425 3527 om

192 3586 229 3630 er
256 3565 295 3629 de
323 3567 453 3654 ketterij
483 3575 516 3633 te
544 3569 808 3634 onderdrukken.
841 3569 977 3633 Daarom
1006 3565 1139 3649 noodigt
1166 3562 1211 3649 hij
1242 3562 1286 3651 bij
1317 3564 1425 3631 deaen

193 3669 432 3753 apostolischeu
457 3669 543 3736 brief
562 3672 625 3737 den
640 3672 757 3757 hertog
775 3692 838 3736 van
856 3670 1012 3747 Brabant,
1031 3674 1081 3734 tot
1097 3666 1297 3752 verlichting
1316 3669 1427 3756 zijner

191 3774 331 3851 zonden,
359 3774 417 3851 uit,
445 3794 496 3838 om
520 3775 571 3840 die
598 3775 835 3860 predikheeren
861 3775 942 3860 goeil
967 3780 1000 3840 te
1023 3779 1212 3856 ontvangen
1237 3790 1279 3836 en
1303 3770 1342 3835 in
1367 3774 1428 3840 het

192 3877 389 3960 ongestoord
405 3877 604 3964 volbrengen
629 3879 759 3945 huuuer
781 3879 922 3962 zendiug
945 3878 995 3942 als
1018 3874 1228 3961 inquisiteurs
1252 3879 1287 3941 te
1302 3876 1428 3943 onder·

195 3983 346 4047 steuneu.

230 4168 378 4234 Gregorius
390 4168 539 4236 episcopus,
559 4187 652 4224 servus
673 4188 813 4224 seruorum
831 4168 889 4234 Dei,
902 4169 1002 4224 dilecto
1019 4167 1076 4223 tilio
1094 4162 1179 4221 nobili
1198 4162 1261 4220 viro
1278 4164 1426 4237 H[enrico,

196 4252 260 4305 duci
272 4252 456 4319 Brabuntiae],
468 4253 584 4306 sulutem
595 4259 622 4307 ct
633 4255 808 4322 apostolicam
821 4253 1046 4308 benedictionem.

228 4334 277 4387 llle
289 4333 401 4386 humani
414 4336 522 4402 generis
531 4336 658 4402 peruicax
671 4336 806 4399 inimicus,
820 4353 899 4402 quem
912 4336 945 4388 dc
962 4333 1095 4401 supremis
1105 4333 1141 4385 ad
1158 4331 1214 4384 ima
1225 4333 1362 4400 superbia
1379 4353 1430 4388 sna

195 4417 351 4484 prostrauit,
365 4434 418 4471 non
431 4423 572 4472 contentus
584 4420 656 4485 quud
667 4437 732 4473 suae
744 4419 847 4472 fraudis
858 4417 980 4484 nequitia
992 4416 1128 4468 homiuem
1140 4415 1271 4481 perduxit
1281 4417 1319 4469 ad
1332 4435 1429 4471 casum

196 4499 334 4553 aerumnis
345 4504 373 4553 et
384 4500 500 4553 miseriis
512 4500 712 4568 applicandum,
727 4501 824 4554 callide
843 4500 940 4553 nititur
951 4516 1013 4552 cuni
1034 4496 1168 4565 pestiferis
1179 4496 1287 4550 retibus
1304 4497 1429 4564 irretire,

194 4587 283 4638 astute
296 4583 335 4636 illi
348 4600 447 4651 parans
459 4584 580 4646 insidias,
594 4601 628 4637 ne
647 4589 773 4651 resurgat
795 4585 885 4637 locum
906 4600 922 4634 a
944 4600 998 4649 quo
1018 4581 1076 4648 ipse
1097 4578 1235 4633 ceciderat
1250 4581 1429 4637 obtenturus.
