3194 5408
598 520 700 576 ANNO
718 521 794 573 1215
1277 521 1311 574 bi

72 676 236 724 waarvan
248 690 252 695 ·
263 659 388 745 gezegd
405 659 511 726 werdt
528 660 583 727 dat
600 662 640 748 zij
660 663 786 728 letters
808 659 917 738 bevat,
944 660 994 725 zal
1016 662 1075 725 ten
1092 659 1212 725 minste
1229 681 1306 728 cens

70 759 106 826 in
122 761 148 826 't
160 763 241 848 jaar
253 763 334 828 door
359 763 421 828 den
436 762 586 850 bisschop
603 763 640 829 oi
651 765 736 852 ziJne
752 765 1063 850 plaatsvervangers
1074 761 1210 830 bezocht
1222 784 1309 831 wor-

70 863 150 929 den.
167 864 296 931 Alsdan
314 866 365 931 zal
383 886 457 932 men
475 887 535 934 aaa
554 867 671 934 enkele
683 868 850 933 inwoners
868 865 972 932 ofaan
989 865 1028 930 de
1040 866 1183 950 gansche
1196 865 1307 934 bevel-

71 966 159 1053 king
177 969 319 1060 deneed
337 969 420 1036 doen
437 969 597 1056 adaggen,
614 971 670 1037 dat
696 992 769 1036 men
797 968 840 1057 bij
859 970 921 1036 den
949 969 1099 1054 bisschop
1123 970 1307 1058 aanklagen

71 1072 124 1135 zat
141 1071 244 1137 alwie
272 1071 382 1138 ketter
409 1073 436 1137 is
462 1072 497 1138 of
518 1074 668 1159 gebeima
692 1073 950 1162 bijeenkomsten
974 1073 1089 1139 heudt.
1117 1075 1161 1139 De
1187 1096 1307 1162 aenge-

70 1171 244 1259 klaagden
262 1175 310 1240 zal
327 1175 366 1240 de
383 1175 533 1262 bisschop
551 1175 631 1244 vbdr
650 1177 722 1243 zich
740 1178 845 1262 dagen
863 1198 902 1242 en
921 1177 1110 1242 vonnissen.
1138 1178 1304 1264 Degenen,

71 1276 125 1341 die
153 1277 278 1343 zulken
296 1278 355 1344 eed
372 1278 551 1365 weigeren,
571 1281 679 1347 zellen
703 1301 784 1346 voor
808 1280 937 1346 letters
960 1279 1132 1364 gehouden
1156 1283 1302 1349 worden.

70 1380 119 1445 De
137 1379 288 1467 nalatige
309 1379 525 1469 bissehoppen
553 1384 660 1450 zellen
689 1382 850 1469 aigesteld
881 1403 923 1448 en
953 1402 1142 1468 vervangen
1170 1386 1305 1453 worden

70 1483 159 1550 door
173 1484 308 1565 andero,
328 1484 379 1551 die
396 1485 436 1551 de
451 1485 583 1575 letterij
601 1487 711 1554 willen
726 1508 767 1554 en
784 1487 918 1553 kunnen
936 1484 1110 1553 uitroeien.

547 1655 598 1732 ill.
619 1679 659 1732 De
674 1679 841 1733 Haereticis.

106 1826 386 1883 Exeemmunicamus
395 1829 423 1879 et
431 1826 690 1880 anathematizamus
700 1842 807 1880 emnem
816 1824 951 1879 haeresim
960 1824 1132 1878 extollentem
1140 1840 1168 1877 se
1177 1824 1305 1879 adversus

71 1911 150 1965 hanc
167 1915 291 1964 sanctam
307 1907 486 1962 orthodoxam
504 1906 668 1961 catholicam
690 1908 781 1970 fidem,
794 1924 876 1973 quam
899 1907 1024 1973 superius
1040 1908 1222 1974 exposuimus,
1241 1927 1305 1963 cen-

72 1995 240 2049 demnantes
257 1993 397 2046 universes
423 1993 583 2056 haereticos,
606 1992 822 2059 quibuscumque
849 1993 1004 2046 nominibus
1030 2000 1199 2057 censeantur,
1220 1994 1304 2049 facies

74 2077 193 2144 quidem
214 2076 342 2130 habentes
363 2076 493 2139 diversas,
506 2076 553 2129 sed
576 2076 677 2128 caudas
694 2073 848 2128 adinvicem
865 2074 1017 2143 colligatas,
1030 2076 1096 2141 quia
1118 2079 1151 2131 de
1173 2079 1306 2133 varietate

74 2159 249 2213 conveniunt
258 2159 287 2212 in
298 2159 327 2212 id
337 2159 436 2227 ipsum.
588 2160 597 2181 ⁸

109 2241 243 2297 Damnati
257 2260 320 2297 vero
332 2241 519 2296 saecularibus
531 2241 709 2310 potestatibus
726 2242 903 2309 praesentibus
920 2246 969 2295 aut
985 2258 1080 2297 comm
1098 2244 1206 2298 bailivis
1223 2245 1305 2299 relin-

74 2333 204 2397 quantur
211 2326 444 2380 animadversione
452 2325 543 2379 debita
552 2325 692 2392 puniendi,
699 2324 807 2378 clericis
818 2325 894 2390 prius
902 2342 919 2377 a
928 2324 984 2377 suis
993 2326 1303 2396 ordinibusdegradatis,

73 2415 118 2468 ita
141 2411 217 2480 quod
236 2411 307 2464 bena
326 2408 484 2476 hujusmodi
507 2409 706 2471 damnatorum,
728 2409 752 2461 si
771 2407 835 2461 laici
856 2407 967 2471 fuerint,
989 2409 1179 2474 confiscentur,
1197 2410 1220 2463 si
1240 2428 1305 2466 vero

73 2495 185 2557 clerici,
197 2492 368 2561 applicentur
377 2490 500 2545 ecclesiis
510 2507 527 2544 a
536 2491 634 2557 quibus
643 2490 778 2559 stipendia
788 2495 977 2557 perceperunt.

108 2577 167 2640 Qui
179 2580 271 2630 autem
282 2574 386 2628 inventi
398 2573 502 2627 fuerint
512 2575 569 2627 sola
588 2575 742 2642 suspicione
759 2575 901 2639 notabiles,
914 2575 966 2629 nisi
981 2579 1061 2642 Juxta
1076 2573 1305 2629 considerationes

73 2658 242 2728 suspicionis
253 2657 466 2725 qualitatemque
489 2673 618 2723 personae
642 2657 780 2723 propriam
797 2657 982 2712 innocentiam
999 2674 1122 2726 congrua
1142 2656 1305 2724 purgatione

72 2741 300 2804 monstraverint,
318 2738 500 2793 anathematis
516 2739 609 2806 gladio
626 2738 761 2792 feriantur
780 2744 807 2792 et
824 2757 909 2806 usque
926 2742 960 2793 ad
977 2738 1194 2793 satisfactionem
1211 2738 1302 2792 cendi·

72 2842 172 2894 gnam,
185 2824 221 2877 ab
232 2822 357 2876 omnibus
369 2820 521 2886 evitentur;
534 2820 573 2873 ita
585 2821 656 2887 quod
667 2821 690 2873 si
703 2837 864 2887 perannum
877 2820 1197 2876 inexcommunieatione
1209 2821 1305 2888 persti-

71 2907 172 2968 terint,
185 2911 285 2960 extunc
294 2904 369 2958 velut
380 2902 510 2956 haeretici
523 2904 747 2957 condemnentur.
940 2898 944 2907 '

105 2987 277 3041 Moneantur
284 2989 376 3038 autem
384 2982 584 3037 etindueantur
592 2989 628 3047 et,
635 2983 657 3035 si
669 2983 874 3046 necassetuerit,
882 3001 931 3051 per
939 3001 1081 3039 censuram
1094 2985 1304 3040 ecclesiasticam

70 3069 279 3135 compellantur
300 3065 453 3119 saeculares
472 3070 624 3131 potestates,
643 3065 859 3132 quibuscumque
882 3067 1033 3134 iungantur
1050 3069 1155 3131 officiis,
1175 3073 1206 3123 ut
1233 3068 1305 3122 sicut

70 3149 203 3218 reputari
215 3149 330 3216 cupiunt
340 3152 367 3201 et
378 3147 473 3200 haberi
487 3148 586 3209 fideles,
607 3147 645 3199 ita
657 3164 706 3213 pro
717 3148 872 3201 defensione
890 3149 952 3201 fidei
965 3155 1101 3216 praestent
1112 3150 1220 3218 publice
1228 3152 1304 3216 jura-

69 3238 211 3292 mentum,
225 3232 297 3297 qued
309 3232 342 3285 de
354 3231 435 3284 terris
443 3248 508 3283 suae
513 3229 686 3295 juridictioni
698 3231 826 3296 subJectis
837 3231 975 3284 universos
986 3232 1137 3299 haereticos
1148 3234 1183 3286 ab
1192 3233 1304 3286 ccclesia

68 3315 220 3368 densatos
232 3313 366 3366 bonafide
379 3331 427 3379 pro
439 3312 543 3365 viribus
554 3311 736 3365 exterminare
752 3314 916 3378 studebunt3
931 3313 969 3366 ita
982 3316 1054 3380 qued
1065 3316 1170 3377 amodo,
1185 3315 1303 3379 spirando·

68 3411 197 3460 eiunque
208 3393 269 3460 quis
281 3395 402 3449 fueritin
412 3399 570 3463 potestatem
582 3395 638 3448 sire
647 3395 816 3461 spiritualem
828 3395 885 3449 sive
897 3398 1071 3464 temporalem
1081 3403 1242 3464 assumptus,
1253 3396 1305 3449 hec

68 3488 206 3532 tencatur
222 3476 372 3543 capitulum
382 3482 538 3543 juramento
556 3479 681 3541 firmarc3
693 3478 715 3528 si
734 3494 797 3530 rere
810 3479 934 3531 dominus
947 3480 1103 3547 temporalis
1115 3480 1260 3546 requisitus
1278 3486 1305 3533 et

67 3560 199 3613 monitus
210 3559 244 3611 ab
255 3559 370 3612 ecclesia
382 3564 483 3613 terram
495 3576 572 3612 suam
585 3576 704 3626 purgare
724 3559 874 3625 neglexerit
885 3562 919 3613 ab
937 3561 988 3613 hac
1008 3562 1146 3616 haeretica
1166 3562 1302 3623 foeditate,

66 3660 124 3710 per
155 3642 394 3709 metropolitanum
423 3648 451 3696 ct
473 3648 574 3696 ceteros
597 3641 838 3708 comprovinciales
860 3643 998 3709 episcopos
1018 3644 1305 3698 excommunicationis

66 3724 189 3777 vinculo
201 3722 354 3776 innodetur.
369 3725 402 3777 Et
413 3725 436 3777 si
455 3724 610 3778 satisfacere
633 3724 833 3790 comtempserit
850 3724 924 3778 infra
940 3742 1052 3787 annum,
1066 3727 1236 3794 significetur
1252 3725 1304 3778 hoc

66 3823 183 3862 summe
197 3806 328 3872 pontifici,
342 3811 373 3861 ut
383 3812 482 3861 extunc
493 3808 522 3860 in
540 3826 568 3861 se
586 3808 713 3860 vassallos
730 3808 765 3859 ab
783 3810 840 3871 ejus
858 3808 987 3861 fidelitate
1004 3809 1149 3861 denunciet
1168 3809 1304 3861 absolutos

65 3897 97 3944 et
116 3902 224 3944 terram
242 3894 359 3956 exponat
370 3889 512 3942 catholicis
524 3889 719 3955 occupandam,
742 3888 788 3954 qui
808 3906 868 3940 eam
888 3888 1074 3941 exterminatis
1091 3889 1234 3943 haereticis
1245 3889 1304 3942 sine

66 3973 133 4025 ralla
146 3971 362 4025 contradictione
381 3969 535 4037 possideant
547 3974 574 4023 et
586 3969 615 4022 in
628 3970 690 4023 tidei
703 3970 821 4036 puritate
839 3976 1006 4032 conservent,
1026 3972 1101 4024 salve
1117 3975 1181 4037 jure
1200 3970 1304 4023 domini

66 4054 247 4124 principalis,
267 4054 413 4107 dummodo
431 4070 512 4120 super
533 4053 586 4105 hoc
603 4052 660 4118 ipsc
679 4053 784 4104 nullum
803 4057 919 4119 praestet
938 4053 1106 4106 obstaculum
1125 4068 1175 4103 uec
1193 4050 1304 4115 aliquod

65 4136 301 4203 impedimentum
324 4139 451 4202 opponat,
472 4136 566 4188 eadem
585 4134 672 4187 nihilo
693 4134 783 4186 nrirrus
806 4135 866 4202 lege
888 4142 993 4188 servata
1014 4135 1088 4187 cirea
1111 4150 1156 4186 eos
1179 4131 1226 4197 qui
1249 4149 1304 4184 non

65 4220 178 4273 habent
188 4217 311 4270 dominos
323 4217 495 4284 principales.

103 4300 246 4356 Catholici
264 4318 338 4362 vero,
353 4301 399 4366 qui
418 4299 507 4352 crucis
525 4303 663 4365 assrrmpto
686 4299 843 4351 charactere
855 4300 889 4351 ad
901 4300 1099 4353 haereticorum
1112 4296 1304 4351 exterminium

62 4403 97 4438 se
108 4381 295 4445 accinxerint,
314 4383 365 4435 illa
383 4382 520 4449 gaudeant
538 4382 709 4449 indulgentia
726 4381 827 4446 illoque
844 4386 936 4435 sam-to
955 4381 1099 4450 privilegio
1122 4380 1176 4433 sint
1194 4378 1302 4441 muniti,

61 4467 147 4538 quod
157 4467 351 4519 accedentibus
362 4471 451 4518 terrae
461 4469 569 4517 sanotae
582 4464 733 4516 subsidium
746 4464 912 4517 conceditur.
1006 4526 1009 4532 ἱ

99 4551 256 4607 Credentes
263 4567 338 4613 roro,
347 4553 487 4616 praeterea
496 4551 658 4614 receptores,
666 4549 819 4603 defensores
828 4553 855 4602 ct
863 4550 982 4602 fautores
991 4547 1193 4604 haereticorum
1203 4562 1307 4600 excom·
