3194 5408
288 514 321 566 60
802 510 902 566 ANNO
921 512 997 565 1199

287 649 376 704 Guido
393 649 566 704 anathemato
586 650 764 718 perculissent
774 654 855 718 atquo
872 648 1022 703 haereticos
1041 648 1268 716 pronuntiassent,
1281 648 1419 717 principes
1429 667 1448 703 a
1465 668 1517 704 sua

286 732 390 787 ditione
400 731 531 800 ejicerent
541 733 666 800 bonaque
677 750 771 786 eorum
784 734 849 786 fisco
861 732 1018 785 addicerent
1028 751 1036 796 ς
1048 730 1071 783 si
1084 748 1149 785 vero
1161 730 1203 784 illi
1215 731 1245 784 in
1256 730 1292 783 Iis
1303 731 1384 785 terris
1396 732 1517 786 ulterius

287 819 467 878 morarentur,
480 819 568 868 morto
579 816 760 878 afficerentur,
774 819 857 882 utque
869 814 1006 881 principes
1017 830 1143 867 concesso
1154 812 1206 866 sibi
1224 813 1253 866 in
1265 814 1415 882 plectendis
1430 816 1516 870 scele

285 899 353 953 ratis
364 915 477 952 munero
488 899 678 965 fungerentur,
691 914 723 951 ea
734 897 896 951 auctoritate
909 896 1072 950 Rainerium
1084 896 1223 959 instruxit,
1236 899 1267 949 ut
1288 897 1397 950 incussa
1408 896 1438 951 in
1455 896 1517 965 ipso

285 979 466 1035 anathematis
477 984 559 1047 atque
570 980 599 1033 in
611 979 742 1033 obnoxias
752 978 787 1031 iis
804 983 891 1032 terras
904 977 1043 1032 interdicti
1055 977 1189 1047 religione
1200 977 1331 1046 adigeret.
1343 978 1518 1033 Fulminavit

284 1063 368 1118 etiam
382 1062 411 1117 in
422 1080 468 1116 eos
479 1080 588 1130 poenas,
602 1063 648 1129 qui
660 1062 704 1116 vel
716 1062 867 1116 haereticos
879 1061 1001 1129 recipere
1013 1063 1055 1115 vel
1068 1061 1202 1115 auxilium
1213 1062 1324 1130 aliquod
1335 1062 1369 1115 iis
1380 1064 1517 1130 praebere

286 1149 498 1212 praesumerent,
512 1149 606 1199 contra
619 1163 683 1199 vero
704 1136 848 1212 propositis
871 1144 1048 1212 indulgentiis
1068 1144 1186 1198 aliorum
1209 1145 1295 1197 zelum
1314 1144 1451 1209 incitavit,
1466 1146 1516 1212 qni

285 1226 383 1294 legatis
411 1226 466 1280 suis
494 1245 605 1295 operam
627 1227 815 1294 auxiliumque
834 1227 865 1279 in
888 1225 1079 1293 persequendis
1102 1224 1246 1280 haereticis
1264 1230 1434 1293 praestarent
1462 1269 1515 1281 .....

285 1307 419 1376 [Aliquos]
436 1309 653 1378 archiepiscopos
670 1326 818 1376 eorumque
838 1309 1033 1376 suffraganeos,
1051 1311 1110 1361 tum
1131 1307 1267 1375 principes
1286 1307 1367 1371 viros,
1387 1307 1514 1371 comites,

285 1391 401 1444 barones
420 1408 452 1444 ae
469 1392 582 1459 populos
602 1392 689 1447 literis
711 1391 867 1459 apostolicis
889 1390 970 1444 adid
990 1389 1179 1444 ardentissime
1198 1394 1239 1443 est
1257 1390 1431 1455 adhortatum
1449 1389 1518 1444 aliis

285 1472 369 1527 etiam
391 1474 478 1528 literis
498 1477 535 1529 id.
557 1477 651 1530 Martii
674 1476 745 1530 datis
768 1475 942 1530 Innocentius
963 1473 1146 1528 ecelesiastica
1165 1492 1198 1527 ac
1220 1471 1354 1541 singulari
1375 1471 1517 1540 dignitate

286 1556 445 1624 conspicuos
456 1557 529 1612 viros
540 1557 674 1621 incitavit,
693 1563 723 1612 ut
734 1559 769 1611 ad
781 1558 958 1611 fraenandam
970 1556 1103 1612 haeresim
1115 1555 1236 1609 studium
1247 1554 1445 1623 impenderent.

549 1671 681 1725 Odoricus
694 1671 862 1738 Raynaldus,
875 1669 1001 1724 11666166
1019 1667 1205 1731 ecelesiastici,
1223 1666 1374 1732 166111111,
1395 1667 1447 1722 blz.
1471 1670 1514 1731 Il,

579 1754 614 1808 ad
625 1771 728 1807 annum
741 1757 813 1817 1198,
827 1755 908 1806 1137.

866 1956 929 2031 60.

333 2158 437 2233 1199,
458 2158 578 2224 Maurt
589 2158 648 2234 24,
666 2159 854 2224 16161666.
870 2158 930 2224 Bul
947 2178 1011 2224 van
1027 2159 1238 2226 Innocentius
1254 2162 1300 2226 III
1311 2160 1445 2248 gericht
1461 2166 1517 2230 tot

285 2260 325 2325 de
337 2260 588 2347 geestelijkheid
605 2282 645 2326 en
664 2261 704 2326 16
716 2261 920 2349 wereldlijke
936 2260 1113 2349 bevolking
1125 2284 1189 2329 van
1204 2263 1339 2330 Viterbo
1355 2267 1516 2334 61611161

287 2361 424 2429 straffen
442 2363 657 2430 1611611616.
677 2402 720 2412 —
745 2364 855 2431 Onder
878 2366 917 2431 16
933 2366 1158 2452 goedkeuring
1173 2367 1232 2433 der
1257 2368 1452 2435 kardinalen
1470 2389 1516 2435 en

287 2464 514 2552 hisschoppen,
534 2466 585 2533 116
602 2469 677 2534 hem
695 2468 878 2553 onningen,
895 2467 1023 2535 beveelt
1035 2470 1075 2535 16
1098 2491 1189 2554 paus,
1209 2470 1265 2537 dat
1280 2470 1433 2537 niemand
1446 2471 1515 2539 1611

288 2569 414 2635 11611616
431 2567 573 2655 hijstand
589 2572 755 2638 verleene.
775 2574 819 2637 De
836 2572 963 2638 ketters
980 2578 1108 2639 moeten
1121 2573 1233 2641 buiten
1246 2575 1365 2642 161661
1380 2576 1516 2661 gesteld

287 2692 329 2738 en
346 2672 392 2737 uit
405 2672 470 2739 alle
486 2673 615 2740 ambten
628 2676 777 2760 gesloten
794 2677 939 2741 worden.
954 2676 992 2741 In
1008 2676 1048 2742 de
1068 2678 1248 2765 pauselijke
1272 2683 1379 2745 steten
1396 2679 1512 2746 zullen

286 2775 399 2842 hunne
424 2776 584 2861 goederen
606 2777 766 2844 verbeurd
788 2780 866 2865 zijn.
885 2781 954 2845 Den
976 2786 1107 2847 vorsten
1131 2781 1163 2846 in
1185 2780 1224 2847 de
1246 2782 1368 2848 andere
1389 2783 1518 2850 landen

286 2878 346 2943 der
360 2878 591 2946 Christenheid
608 2881 715 2948 werdt
739 2873 876 2948 bevolen
892 2883 970 2948 deze
987 2887 1133 2951 statuten
1151 2905 1191 2950 na
1209 2890 1243 2953 16
1259 2885 1353 2952 leven
1369 2906 1412 2974 op
1429 2886 1523 2956 strat

287 2981 346 3047 der
361 2983 554 3070 geestelijke
570 3002 723 3050 censuur.

321 3138 361 3190 De
388 3141 530 3192 communi
552 3141 676 3207 fratrum
698 3148 843 3193 nostorum
863 3141 980 3195 consilio
1007 3177 1065 3198 ....
1086 3144 1191 3197 Datum
1202 3146 1338 3201 16161661
1363 3144 1433 3200 vm
1451 3146 1516 3202 1661.

288 3220 398 3289 Aprilis
407 3222 592 3290 fructificatur
604 3223 695 3274 uestri
706 3239 781 3275 anno
791 3227 896 3291 prime.

549 3337 683 3392 Odoricus
700 3339 866 3408 Raynaldus,
880 3339 1206 3406 16661616661611611161,
1220 3344 1278 3398 1661
1298 3343 1374 3407 XIII,
1393 3345 1447 3400 blz.
1471 3351 1516 3412 28,

581 3422 616 3474 ad
643 3439 745 3475 annum
773 3427 845 3486 1199,
870 3434 899 3476 nr
922 3427 962 3477 23.
986 3453 1019 3462 -
1042 3424 1073 3477 In
1097 3425 1254 3494 September
1276 3430 1338 3481 1207
1360 3427 1519 3498 vaardigde

580 3503 756 3557 Innocentius
772 3505 811 3558 III
829 3522 883 3572 neg
894 3507 1033 3573 strengero
1045 3512 1143 3562 wetten
1156 3509 1197 3562 uit
1207 3513 1288 3577 tegen
1298 3509 1331 3563 16
1343 3508 1447 3566 letters
1458 3529 1518 3572 van

578 3587 700 3641 Viturbo.
714 3587 802 3652 (Ibid,
813 3588 863 3642 blz.
876 3591 931 3653 152,
942 3590 1089 3645 adannum
1102 3594 1260 3658 1261111.)

866 3797 924 3870 61.

330 3989 517 4057 6166666
535 3992 594 4059 12Θ
619 3994 862 4069 666(6,116161.1
885 4013 927 4060 en
949 3995 1172 4064 Wuuudercn.
1196 3998 1376 4067 Uittreksel
1404 4002 1456 4071 uit
1471 4002 1517 4072 16

284 4092 418 4179 kronijk
433 4113 498 4160 van
527 4094 589 4160 den
609 4095 792 4183 tijdgenoot
823 4097 993 4176 Radulfus‚
1015 4098 1071 4166 abt
1097 4121 1163 4167 van
1188 4102 1369 4189 coggeshal
1385 4103 1515 4194 (Enga-

284 4196 388 4283 land),
401 4216 479 4262 over
493 4197 532 4262 16
546 4195 894 4286 kettervervolgingen
906 4205 940 4268 te
956 4203 1065 4269 Reims
1083 4224 1123 4270 en
1136 4205 1169 4271 in
1183 4206 1391 4274 Vlaanderen
1408 4213 1515 4297 tegeri

285 4300 324 4365 16
340 4299 544 4368 Publikanen
571 4307 628 4368 ten
644 4303 725 4389 tijde
741 4324 805 4370 van
824 4304 922 4391 graaf
931 4306 1056 4392 Philips
1073 4329 1137 4373 van
1154 4309 1214 4375 den
1233 4309 1339 4390 Eleae,
1365 4311 1420 4379 116
1436 4313 1515 4383 zich

284 4403 1200 4494 166166166611611161166116113116116116166161116.
1220 4451 1263 4462 -
1289 4415 1514 4505 Zondorlinge

282 4509 507 4596 geschiedenis
535 4528 600 4577 van
627 4531 687 4577 een
711 4512 835 4599 meisje,
855 4513 911 4581 dat
927 4513 1007 4579 door
1023 4535 1127 4582 eenen
1154 4516 1358 4606 liederlijken
1378 4521 1513 4611 jongen
