3194 5408
608 513 710 571 ANNO
727 517 803 569 1112

654 719 750 788 349.

140 905 228 976 reor
238 909 430 978 November
444 912 551 992 1472,
567 911 741 979 Mccbelm
754 930 795 978 en
808 907 1003 997 Komot'jk.
1014 906 1151 975 Oordeol
1162 926 1228 973 van
1244 905 1308 973 den

84 1010 878 1103 Κ111111111111111111111Ο111111,1111111118
900 1034 964 1080 van
989 1012 1051 1078 den
1072 1010 1221 1097 bisschop
1242 1031 1308 1077 van

84 1114 257 1203 Kamerijk
281 1114 502 1203 nitgebracht
522 1139 600 1185 over
623 1119 663 1185 de
687 1117 866 1186 verdachte
883 1115 1058 1203 stellingen
1082 1132 1145 1180 van
1168 1116 1311 1182 moester

84 1218 153 1285 len
167 1218 297 1299 Leonis,
321 1219 373 1289 die
398 1239 536 1289 nameus
552 1221 592 1288 de
615 1221 771 1288 overheid
794 1240 837 1288 en
855 1219 895 1286 de
917 1219 1131 1306 ingeretenen
1155 1219 1214 1286 der
1236 1217 1309 1284 stad

86 1319 257 1388 Machelen
273 1326 373 1408 tegen
389 1344 450 1391 een
464 1316 630 1413 lserkelijk
646 1323 800 1391 interdict
811 1343 876 1390 van
891 1323 966 1391 dien
978 1321 1128 1408 biaschop
1141 1323 1175 1388 in
1190 1320 1309 1405 beroep

86 1443 160 1491 was
174 1443 302 1513 gegaan
314 1446 355 1493 en
371 1425 524 1496 beweerd
539 1427 615 1507 had,
641 1427 697 1494 dat
713 1427 753 1495 de
768 1425 1016 1515 goestelijkheid
1040 1425 1098 1494 het
1120 1444 1210 1492 11111
1232 1423 1310 1490 volk

85 1527 260 1606 1111111111,
279 1530 402 1619 terwijl
423 1532 464 1619 aij
490 1531 654 1601 noohtans
676 1529 852 1600 verdienen
874 1550 935 1597 zou
956 1549 1008 1596 om
1030 1528 1111 1595 hare
1126 1527 1309 1595 alschuwe·

86 1629 169 1718 lijke
183 1631 310 1699 zonden
325 1633 518 1721 getuchtigd
535 1641 568 1703 te
584 1634 730 1713 worden,
750 1654 787 1701 er
803 1632 1015 1722 bijvoegende
1031 1631 1088 1698 dat
1103 1631 1201 1699 alwio
1215 1629 1310 1698 zulks

86 1749 151 1798 zoa
172 1731 268 1813 doen,
297 1734 398 1823 gelijk
421 1756 481 1804 zou
508 1741 638 1804 moetas
667 1736 794 1825 gesteld
821 1736 956 1805 worden
988 1736 1168 1814 matham,
1195 1735 1246 1801 die
1270 1734 1311 1802 de

87 1833 221 1919 ’11111111
236 1834 389 1906 bavecht.
410 1876 450 1889 -
468 1841 551 1907 Deae
566 1841 741 1928 stellingen
758 1840 824 1928 zijn
840 1837 1003 1927 lasterlijk
1019 1856 1059 1903 en
1075 1836 1256 1904 hettersch.

123 2023 293 2094 Opmcolm
303 2033 400 2081 contra
422 2028 572 2098 quemdum
592 2029 730 2087 aduena
745 2027 882 2101 metata,
902 2035 1020 2082 rectores
1040 2035 1065 2080 et
1082 2024 1236 2081 sacerdotes
1257 2025 1311 2079 Des·

87 2104 278 2177 blasphemias
301 2109 332 2160 tn
348 2107 408 2176 fide
424 2108 498 2163 mole
515 2118 645 2165 sonantes
668 2113 700 2162 tn
723 2110 848 2180 quodam
860 2107 1049 2178 appellatione
1064 2107 1259 2176 proferentem,
1272 2106 1311 2160 oct

85 2197 246 2260 requestam
254 2191 404 2245 renorma·
415 2193 446 2244 in
459 2190 568 2247 Christo
574 2195 670 2261 patris
682 2192 793 2247 domim
804 2195 928 2262 episcopi
942 2191 1158 2247 Cameracensis.

123 2302 312 2360 &misenati
322 2304 511 2374 dispositiones
529 2325 624 2362 rerum
640 2307 722 2362 facile
740 2306 887 2376 conjicitur
902 2305 1120 2376 appropinquare
1135 2309 1265 2373 tempora,
1278 2304 1312 2365 de

89 2385 191 2454 qiubus
200 2387 338 2454 apostolus
346 2387 469 2455 loquitur
481 2393 505 2442 2.
519 2390 554 2444 ad
564 2390 704 2445 Thimoth.
718 2393 743 2444 3.
756 2394 785 2444 et
795 2396 820 2444 4.
834 2389 915 2458 capit.
929 2407 935 2442 :
949 2389 982 2444 ln
992 2388 1092 2457 quibus
1099 2391 1180 2442 erunt
1190 2385 1313 2440 homines

89 2467 331 2537 seipsosamantes,
350 2470 452 2539 cupidi,
474 2471 549 2535 elati,
570 2472 689 2540 superbi,
710 2472 869 2542 blasphemi,
893 2471 1051 2541 parentibus
1071 2487 1126 2525 non
1148 2468 1311 2530 obedientes,

89 2549 203 2620 inmoti,
214 2552 328 2616 scelesfi,
338 2553 397 2608 sine
404 2554 556 2619 affectione,
569 2555 626 2610 sine
635 2573 711 2624 pace,
722 2555 911 2611 criminatores
921 2573 983 2610 cum
993 2571 1087 2608 mnam
1095 2552 1247 2609 doctrinam
1256 2568 1311 2607 non

89 2634 270 2703 sustinebunt,
283 2638 329 2694 aed
340 2639 375 2693 ad
386 2657 436 2693 sua
446 2640 581 2695 desideria
589 2643 789 2697 coacemabunt
800 2641 852 2696 sibi
863 2641 1007 2711 magistros
1018 2639 1170 2708 prurientes
1189 2638 1310 2693 auribus.

125 2717 261 2781 Quoniam
279 2721 422 2778 occasione
434 2724 576 2781 cuiusdam
597 2743 687 2781 cessus
707 2727 742 2791 (1)
760 2742 810 2794 per
832 2725 1012 2779 reuerendum
1033 2723 1064 2777 in
1085 2722 1192 2778 Christo
1208 2725 1313 2790 patrem

90 2797 233 2855 (1011111111
244 2800 464 2858 cameracensem
476 2805 631 2874 episcopum
642 2805 723 2874 positi
735 2806 765 2859 in
773 2806 855 2873 opido
862 2803 1047 2861 Machiliensis
1056 2807 1100 2870 (1),
1112 2801 1312 2859 Cameracensis

90 2881 260 2948 1111111111)
274 2889 369 2950 certas,
383 2891 414 2940 ut
426 2887 556 2952 creditur
577 2888 753 2942 rationabiles
769 2904 873 2951 causas,
894 2886 1004 2954 quidam
1026 2885 1157 2954 magister
1178 2885 1315 3004 lohannes

92 2963 192 3018 leonis
201 2981 251 3032 pro
259 2969 287 3020 et
298 2967 408 3023 nomine
419 2967 644 3032 iusticiariorum‚
657 2969 805 3023 scultetiet
793 2967 1018 3023 tcommunitatis
1029 2967 1095 3023 dicti
1108 2967 1191 3035 opidi,
1203 2972 1303 3025 utesso

92 3046 200 3109 111111,Ι
192 3063 222 3101 11
233 3049 316 3102 verba
332 3049 498 3117 blasphemie
518 3052 684 3115 scandaloso,
706 3051 837 3105 sediciosa
856 3056 884 3105 et
905 3054 1037 3119 quantum
1061 3050 1097 3104 ad
1110 3049 1203 3115 aliqua
1219 3052 1315 3102 contm

92 3145 198 3183 sacram
209 3129 411 3197 scripturamet
399 3133 544 3187 tdoctores
553 3138 660 3187 sanctos
672 3151 721 3202 per
731 3134 873 3188 ecclesiam
884 3131 1063 3200 approbatos'
1056 3150 1085 3186 m
1096 3132 1212 3200 quadam
1224 3130 1314 3197 appel·

92 3209 195 3264 latione
205 3210 273 3267 dicit
261 3216 308 3267 tur
317 3213 481 3281 prorupisse.
494 3215 599 3270 luserat
587 3220 633 3270 tur
644 3221 722 3270 tenor
732 3217 766 3270 de
776 3217 858 3271 verbo
869 3216 904 3269 ad
913 3215 1026 3270 verbum
1036 3213 1079 3268 vel
1087 3212 1204 3281 presenti
1213 3211 1314 3278 scripto

92 3298 263 3348 annectatur.
278 3295 362 3349 Cuius
373 3296 507 3351 iacturam
521 3299 612 3365 presul
624 3299 834 3363 Cameracensis,
846 3298 896 3353 etsi
908 3302 1040 3366 quantum
1049 3297 1084 3351 ad
1092 3297 1175 3349 verba
1183 3293 1315 3348 iniuriosa

93 3374 137 3429 sui
154 3393 319 3446 suorumque
341 3379 480 3446 pacienter
499 3381 602 3442 tulerit,
623 3386 714 3436 1111111
734 3382 796 3436 fidei
819 3387 846 3435 et
862 3380 1032 3434 auctoritatis
1044 3378 1163 3432 clauium
1175 3377 1315 3431 ecclesiae

93 3456 212 3511 Domino
223 3460 383 3514 collamrum
395 3461 524 3516 lesionem
533 3462 715 3529 equanimiter
727 3481 780 3517 non
792 3465 881 3517 ferens
889 3462 966 3517 iuxta
976 3462 1089 3515 verbum
1101 3458 1172 3513 beati
1183 3459 1199 3513 J
1201 3457 1316 3513 ohannis

95 3538 252 3594 Crisostomi
265 3542 399 3596 dicentis:
415 3565 429 3586 κ
443 3544 571 3612 Proprias
589 3545 707 3598 iniurias
728 3547 799 3600 ferre
817 3545 953 3599 landabile
975 3548 1024 3607 est,
1045 3542 1160 3596 iniurias
1179 3558 1244 3594 vero
1266 3539 1316 3594 Dei

93 3621 228 3677 sussinere
240 3625 318 3677 valde
332 3630 372 3680 ost
382 3624 496 3693 impium
511 3651 534 3690 n,
547 3644 591 3680 me
602 3627 667 3681 licet
678 3627 821 3700 indignum
834 3626 978 3693 requisiuit
986 3630 1018 3679 ut
1027 3625 1093 3693 quid
1104 3623 1232 3678 sentirem
1243 3622 1317 3676 circa

93 3707 183 3759 cetae
194 3705 330 3759 clausulas
338 3707 368 3759 in
378 3706 534 3764 huiusmodi
545 3709 725 3776 appellatione
736 3709 844 3776 positas,
852 3708 953 3775 scripto
964 3706 1169 3761 committerem.
1181 3706 1240 3773 Ego
1251 3722 1315 3759 vero

94 3785 157 3853 quis
176 3803 246 3849 sum,
271 3786 318 3854 111
336 3792 411 3841 tante
431 3789 544 3844 iussioni
556 3807 611 3844 non
629 3789 773 3856 parerem?
788 3788 935 3842 Presertim
946 3787 1011 3855 quia
1023 3788 1184 3855 professores
1195 3785 1316 3840 veritatis

94 3868 185 3936 parati
201 3887 260 3924 esse
275 3870 374 3924 debent
396 3872 470 3925 omni
489 3872 609 3940 poscenti
629 3872 742 3926 reddere
763 3872 897 3925 rationem
919 3872 952 3924 de
971 3887 1004 3924 ea
1025 3887 1078 3938 que
1098 3869 1126 3923 in
1146 3868 1185 3922 eis
1202 3869 1314 3924 estfide.

95 3952 248 4019 Eapropter
269 3953 320 4006 sub
339 3953 508 4008 correctione
529 3958 621 4009 sancte
638 3955 734 4008 matris
756 3952 868 4008 ecclesie
880 3952 1026 4020 apostolice
1043 3958 1070 4008 et
1086 3951 1208 4005 omnium
1226 3951 1315 4006 ortho-

93 4034 229 4088 doxormn
240 4038 314 4089 recte
324 4034 353 4088 in
366 4035 418 4089 fide
429 4036 591 4103 sapientium
610 4036 774 4104 subiungam
794 4053 847 4103 que
866 4039 1025 4102 sequuntur,
1038 4038 1189 4102 protestans
1205 4033 1277 4099 quod
1293 4033 1317 4086 si

94 4132 149 4182 que
159 4114 214 4169 sint
222 4115 312 4169 minus
324 4121 397 4170 recte
409 4119 504 4185 posite,
517 4119 575 4173 sine
586 4120 643 4172 ullo
654 4116 818 4173 defensionis
830 4116 982 4184 patrocinio
999 4117 1174 4170 subruantur.
1196 4115 1316 4169 Obmitto

94 4213 150 4260 eas,
162 4214 215 4265 que
227 4214 368 4264 personam
380 4201 521 4255 memorati
530 4201 673 4256 reuerendi
682 4200 768 4270 patris
776 4216 940 4266 suorumque
949 4198 1143 4252 officiariorum
1151 4202 1318 4253 concernunt

129 4445 164 4507 (1)
174 4443 316 4511 Kerkelljlr
328 4444 464 4499 interdict.

129 4527 164 4589 (2)
177 4526 243 4581 Lees
253 4526 471 4582 Mectttatensis.
