3194 5408
623 511 724 567 ANNO
743 514 819 566 1463
1282 511 1330 565 405

104 660 155 716 sui
171 660 208 716 ed
218 659 386 735 agnitionem
396 660 488 715 111111
500 675 628 727 pecorum
644 675 755 712 suorum
767 674 822 712 non
832 658 920 712 solum
939 655 970 711 in
985 658 1154 710 sacramento
1165 656 1328 724 penitencie,

104 745 159 799 sed
174 747 203 799 et
218 743 248 797 in
264 741 469 797 conuersatione
485 740 613 796 exteriori
630 759 683 808 que
693 740 856 810 obligatorie
867 757 922 794 non
933 739 1063 808 competit
1081 738 1271 809 priuilegiatis,
1284 741 1332 795 sed

104 830 205 881 111111
222 825 337 880 facultas
357 823 513 878 absoluendi
533 823 563 877 in
581 824 640 877 foro
660 823 811 890 penitencie
830 823 949 876 volentes
970 821 1082 887 venire;
1105 839 1155 875 nec
1174 825 1265 877 tamen
1282 839 1332 891 per

104 908 308 976 susceptionem
319 923 384 960 cure
394 905 548 960 animarum
559 903 698 973 accipiunt
713 904 748 958 ab
759 904 884 972 episcopo
899 907 1056 971 potestatem
1068 903 1227 957 absoluendi
1246 902 1333 972 origi·

104 988 220 1054 naliter,
233 988 298 1056 quia
312 989 389 1042 illam
404 987 506 1042 habent
521 985 666 1049 aChristo,
679 989 710 1040 ut
726 986 829 1040 dictum
842 989 892 1049 est,
906 989 1049 1053 postquam
1060 990 1236 1052 susceperunt
1253 986 1333 1039 bene·

105 1070 206 1124 licium
217 1087 282 1125 cure
292 1069 465 1138 parochialis,
477 1070 524 1124 sed
540 1069 609 1123 bene
619 1066 758 1137 accipiunt
769 1067 963 1136 obligationem
975 1071 1003 1121 et
1019 1066 1177 1120 facultatem
1189 1064 1332 1121 coercendi

105 1154 156 1209 rel
171 1154 316 1209 inducendi
332 1154 413 1208 modo
423 1152 514 1208 debito
525 1169 590 1206 oues
602 1168 664 1205 suas
674 1152 709 1205 ad
722 1168 821 1218 pascua
833 1151 897 1214 vite,
910 1151 945 1204 ab
962 1149 1020 1218 ipso
1031 1149 1156 1217 episcopo
1167 1148 1329 1217 suscipiunt.

144 1236 221 1292 Dixit
237 1236 318 1292 tertio
334 1236 427 1305 aliqua
443 1240 538 1290 contra
553 1235 704 1289 sacerdotes
721 1233 891 1302 parochiales
911 1234 1021 1302 ignaros
1037 1236 1089 1288 etc.
1107 1233 1204 1288 Dicat:
1223 1255 1236 1277 e
1249 1233 1329 1297 Quod

105 1335 168 1374 non
186 1318 277 1373 animo
293 1317 451 1373 detrahendi
471 1316 532 1380 feci,
545 1317 592 1370 sed
607 1320 639 1370 ut
655 1332 704 1383 per
721 1315 793 1370 hanc
809 1314 1045 1382 exprobrationem
1065 1315 1221 1369 inducerem
1238 1333 1283 1370 eos
1299 1318 1331 1370 ut

104 1403 209 1456 darent
218 1417 328 1469 operam
338 1398 502 1468 agnoscendi
513 1397 696 1453 ministerium
707 1415 786 1451 suurn
798 1397 828 1451 in
840 1401 1074 1451 sacramentorum
1087 1397 1331 1461 administratione,

104 1483 142 1538 in
152 1482 318 1551 expositione
329 1481 490 1549 competenti
508 1481 703 1535 credendorum
715 1483 741 1534 et
753 1480 942 1533 mandatorum
962 1478 1087 1547 decalogi
1104 1496 1136 1532 ao
1153 1479 1334 1548 intelligentia

104 1568 272 1620 subitorum
289 1562 468 1632 synodalium.
482 1563 540 1630 Ego
551 1561 624 1616 enim
641 1560 706 1615 satis
717 1578 835 1629 agnosco
852 1578 885 1614 ex
897 1560 992 1613 diuina
1010 1559 1146 1628 scriptura
1156 1562 1229 1628 quod
1245 1578 1331 1616 sacer·

104 1647 188 1701 dotes
199 1645 315 1700 11111111
325 1662 420 1699 curam
431 1644 584 1698 animarum
602 1642 732 1697 habentes
748 1643 850 1710 duplici
867 1642 971 1696 honore
989 1642 1067 1710 digni
1083 1643 1190 1705 suntsi
1207 1644 1332 1699 laborent

105 1729 196 1783 verbo
213 1731 241 1783 et
258 1727 383 1782 doctrina
398 1727 451 1792 (nd
468 1725 625 1789 11111114.)
645 1726 771 1792 quodque
786 1726 918 1792 scriptum
935 1729 992 1779 est:
1011 1725 1069 1790 D'u's
1088 1741 1143 1778 111
1159 1725 1285 1780 detrahes
1303 1730 1331 1781 et

103 1808 229 1880 principi
240 1813 288 1863 tuo
298 1825 353 1863 111
364 1807 508 1862 maledicae
519 1808 594 1872 (lixo.
608 1809 669 1872 21).
684 1805 841 1862 Sacerdotes
853 1812 943 1861 autem
955 1807 986 1860 in
996 1805 1099 1860 diuinis
1109 1807 1223 1873 eloquljs
1234 1806 1328 1861 dicun·

103 1897 159 1947 tur
168 1892 205 1958 dij
216 1892 270 1957 (Pa.
283 1892 351 1956 80.):
365 1891 424 1959 ligo
435 1890 501 1953 dixi,
514 1891 551 1955 dij
564 1889 626 1944 estis
638 1895 665 1945 et
676 1890 725 1956 filij
737 1891 836 1944 excelsi
848 1908 948 1945 ornnes.
964 1891 997 1945 Et
1014 1890 1113 1944 iterum
1125 1889 1241 1943 ibidem:
1257 1891 1328 1944 Deus

103 1972 185 2029 stetit
203 1973 232 2026 in
247 1989 387 2041 synagoga
401 1973 524 2026 deorum.
537 1972 573 2026 lit
588 1971 650 2025 Joh.
665 1975 722 2024 10.:
743 1973 838 2025 Nonne
856 1971 986 2039 scriptum
1004 1975 1045 2025 est
1061 1970 1091 2024 in
1107 1971 1168 2039 lege
1178 1975 1275 2035 vestra,
1288 1971 1329 2027 ait

104 2057 287 2112 Dominusad
298 2056 414 2110 Judeos:
436 2054 495 2121 Ego
511 2053 578 2115 dixi,
590 2054 627 2118 dij
645 2053 709 2107 estis
725 2056 753 2107 ct
772 2054 820 2120 1111]Ι
839 2053 937 2107 excelsi
955 2052 1066 2108 omnesl
1083 2053 1144 2106 Non
1155 2056 1242 2118 potest
1259 2052 1329 2107 solui

102 2140 253 2208 scriptura.
275 2138 410 2192 Dicuntur
429 2136 515 2190 eciam
532 2154 561 2190 os
581 2135 630 2189 Dei
651 2135 796 2202 (Jheremie
815 2138 883 2200 15.):
903 2135 931 2189 Si
952 2133 1122 2202 separaueris
1142 2134 1294 2201 preciosum
1313 2151 1331 2188 a

102 2222 161 2277 vili
177 2220 253 2290 quasi
272 2238 303 2275 os
320 2236 420 2274 meum.
439 2218 575 2272 Dicuntur
590 2217 677 2272 eciam
694 2217 830 2285 principes
847 2219 901 2284 (Pa.
922 2219 991 2282 54·)³
1012 2215 1154 2283 Principes
1171 2217 1331 2285 congregati

103 2309 174 2360 sunt
191 2321 252 2359 oum
268 2305 324 2357 Deo
341 2302 489 2363 Abraham,
502 2300 630 2368 quoniam
640 2301 678 2366 d'u‘
697 2302 779 2354 fortes
796 2305 869 2354 terre
885 2300 986 2355 eleuati
1003 2303 1075 2354 sunt.
1090 2299 1152 2352 Non
1168 2315 1228 2352 sum
1244 2298 1332 2353 eciam

103 2388 252 2442 immemor
270 2384 388 2452 qualiter
405 2379 535 2438 Dominus
551 2382 681 2437 honorari
692 2383 781 2438 voluit
796 2384 948 2438 sacerdotes
965 2382 1034 2451 legis
1045 2380 1133 2437 eciam
1143 2381 1246 2448 malos;
1260 2380 1330 2436 dixit

104 2469 185 2525 enim
195 2467 292 2524 Matth.
304 2470 360 2521 aa:
375 2465 463 2534 Super
471 2465 626 2520 cathedram
638 2464 726 2532 Moysi
738 2466 866 2519 sederunt
876 2464 965 2519 scribe
976 2467 1001 2519 et
1011 2462 1129 2532 pharisei
1140 2483 1147 2529 ;
1159 2480 1212 2531 que
1223 2463 1327 2528 dicunt,

103 2551 200 2606 facite.
220 2551 255 2604 Et
273 2549 373 2604 iterum
394 2547 502 2614 quando
521 2548 613 2602 decem
636 2548 754 2615 leprosos
776 2548 941 2613 postulantes
964 2547 999 2599 ab
1019 2562 1050 2599 eo
1070 2545 1185 2599 salntem
1201 2545 1277 2600 misit
1292 2547 1328 2601 ad

104 2632 274 2688 sacerdotes:
287 2631 336 2693 Ite,
348 2628 447 2696 inquit,
459 2627 591 2682 ostendite
602 2645 648 2681 ros
659 2627 852 2691 sacerdotibus,
865 2631 976 2695 propter
991 2626 1064 2694 quod
1080 2625 1152 2680 absit
1167 2643 1184 2679 a
1199 2627 1326 2694 mequod

103 2715 192 2770 velim
210 2716 353 2770 detrahere
368 2711 433 2765 illis
457 2712 514 2765 Nec
530 2709 583 2764 feci
599 2713 630 2764 11
646 2709 808 2764 seminarem
825 2710 983 2764 seditionem
1003 2713 1052 2763 aut
1068 2707 1165 2761 scisma
1181 2707 1211 2761 in
1227 2709 1328 2777 populo

102 2798 238 2852 aduemus
252 2815 306 2851 ece.
325 2794 426 2849 Sancta
442 2791 516 2846 enim
532 2790 681 2858 predicatio
697 2808 808 2845 seruare
824 2809 930 2859 semper
945 2792 1025 2845 debet
1041 2788 1174 2844 unitatem
1190 2793 1218 2844 et
1233 2807 1329 2857 paoem

102 2881 182 2936 inter
190 2885 276 2936 status
290 2876 412 2934 11111111.
425 2874 484 2929 1111
500 2875 638 2943 figurabat
653 2878 765 2928 ornatus
780 2874 1000 2929 vestimentorum
1018 2873 1117 2928 summi
1134 2875 1282 2931 sacerdotis
1298 2874 1328 2929 in

100 2962 188 3029 leg03
209 2961 276 3014 dum
299 2961 372 3015 enirn
393 2957 599 3027 ingrediebatur
619 2958 763 3025 templum,
782 2958 899 3012 habebat
921 2957 1113 3013 vestimentum
1131 2957 1161 3012 in
1184 2975 1234 3013 ora
1250 2958 1328 3013 ouius

99 3041 259 3109 pendebant
278 3041 456 3103 tintinabula,
479 3057 528 3108 per
550 3057 603 3107 que
624 3039 773 3106 predicatio
795 3040 963 3108 designatur,
988 3045 1014 3093 et
1040 3039 1113 3094 inter
1138 3039 1227 3094 media
1249 3043 1328 3096 erant

99 3121 287 3188 malapunica,
301 3139 349 3190 per
366 3139 419 3190 que
435 3140 488 3190 pax
504 3127 532 3177 et
548 3120 694 3175 concordia
704 3139 737 3175 ac
754 3121 844 3176 unitas
855 3121 949 3190 populi
966 3120 1155 3190 significatum
1173 3126 1237 3176 sunt
1252 3121 1325 3176 enim
1352 3147 1354 3150 ·

100 3202 157 3255 sub
168 3219 223 3256 111
234 3204 335 3259 cortice
346 3205 433 3258 multa
443 3220 539 3272 grana.
554 3227 568 3249 a

140 3283 219 3346 Quod
226 3285 296 3340 dixit
304 3286 337 3340 de
348 3284 471 3340 auaricia
482 3285 652 3339 sacerdotum
663 3284 861 3352 parochialium
878 3288 975 3351 quarto
992 3285 1051 3338 loco
1063 3284 1211 3338 volentium
1229 3283 1325 3339 audire

100 3363 286 3419 confessiones
304 3383 416 3421 suorum
433 3366 661 3434 parochianorum
678 3370 789 3434 propter
806 3370 940 3433 questum,
958 3365 1031 3420 dicat
1042 3366 1114 3433 quod
1125 3366 1158 3418 de
1169 3364 1325 3419 huiusmodi

98 3445 210 3500 iniuria
220 3447 271 3515 ipsi
282 3449 389 3503 reniam
403 3449 454 3502 sibi
466 3449 634 3517 indulgeant.

140 3528 219 3591 Quod
230 3529 324 3597 quinto
336 3531 370 3584 de
379 3532 519 3599 sepultura
529 3531 679 3585 exhibenda
691 3531 744 3596 hijs
753 3530 800 3596 qui
809 3547 868 3584 earn
879 3547 933 3583 non
942 3530 1080 3597 elegerant
1090 3547 1140 3584 nec
1150 3527 1331 3584 condiderunt

100 3615 295 3666 testamentum
306 3612 399 3680 sicque
410 3614 543 3668 decedunt
559 3612 688 3675 intestati,
700 3612 770 3666 dixit
787 3617 837 3666 etc.
859 3612 938 3666 Dicat
948 3612 1020 3678 quod
1037 3614 1104 3666 tales
1116 3616 1180 3665 sunt
1196 3610 1226 3664 in
1238 3611 1330 3665 multi·

100 3693 172 3763 plici
184 3694 356 3748 differencia:
370 3694 481 3760 qnidam
495 3695 631 3763 indigene,
645 3696 755 3762 quidam
771 3694 869 3757 111111,
883 3694 992 3761 quidam
1013 3694 1142 3761 inquilini
1161 3695 1204 3748 vel
1224 3694 1328 3748 aduena

98 3776 336 3832 veruntamen
351 3777 432 3833 aliter
447 3783 488 3833 est
506 3778 651 3832 dicendum
673 3779 706 3832 de
725 3779 784 3833 istis
800 3783 826 3833 et
837 3780 915 3844 alijs:
930 3800 943 3822 κ
957 3779 1108 3833 Debueram
1120 3776 1288 3844 distinguere
1297 3781 1325 3831 11

98 3859 195 3914 refero
209 3876 253 3913 me
264 3860 298 3913 ad
310 3859 372 3914 iura
383 3860 522 3923 canonica,
535 3864 562 3914 et
572 3860 637 3925 quia
649 3860 784 3928 contingit
795 3861 939 3914 nonnullos
954 3860 1051 3914 talium
1068 3858 1204 3913 sentencia
1216 3876 1321 3912 excom·

100 3939 299 3995 munioationis
310 3941 392 4009 ligari
403 3944 485 4008 atquc
494 3940 693 3994 rationabiliter
703 3941 837 4004 dubitare,
850 3942 985 4009 agendum
996 3945 1035 3995 est
1047 3941 1123 3994 iuxta
1134 3943 1235 3994 statuta
1251 3940 1321 3993 sino·

99 4022 189 4085 delia,
202 4028 297 4078 contra
316 4041 368 4091 que
389 4023 480 4077 nullus
502 4022 655 4091 predicator
674 4023 703 4077 in
726 4023 833 4091 dyocesi
853 4024 882 4076 in
905 4041 959 4090 qua
978 4024 1079 4077 habent
1100 4022 1230 4090 vigorem,
1243 4023 1321 4077 debet

98 4105 295 4173 dogmatizare,
308 4110 337 4160 et
348 4104 468 4159 breuiter
478 4105 508 4158 in
519 4105 608 4170 dubijs
625 4104 699 4158 circa
717 4106 788 4159 hano
805 4105 947 4160 materiam
964 4107 997 4159 de
1009 4105 1154 4173 sepulturis
1165 4104 1322 4173 contingen·

98 4187 178 4244 tibus
190 4187 368 4242 consulendus
378 4191 419 4242 est
430 4187 570 4255 episcopus
580 4191 629 4242 ant
639 4187 681 4240 sui
694 4187 827 4253 officiarii,
841 4192 890 4243 etc.
904 4213 916 4233 n

138 4269 214 4324 Dixit
235 4275 309 4325 sexto
329 4271 416 4325 multa
436 4269 481 4337 qui
501 4270 556 4323 sint
572 4271 673 4337 proprlj
692 4271 843 4325 sacerdotes
860 4275 887 4324 et
897 4270 1015 4337 qualiter
1025 4271 1059 4325 de
1070 4272 1190 4324 confosso
1201 4270 1283 4324 semel
1294 4267 1325 4323 in

99 4369 178 4408 anno
188 4352 362 4421 priuilegiato
374 4354 485 4407 cadente
502 4352 531 4406 in
545 4358 664 4420 puteum,
678 4353 724 4419 qui
736 4355 902 4421 sepulturam
914 4371 968 4408 non
983 4355 1110 4423 elegerat,
1123 4354 1257 4422 agendum
1269 4358 1318 4408 est.

100 4433 185 4488 Dicat
197 4434 269 4502 quod
279 4433 390 4502 proprio
402 4433 534 4488 sacerdoti
544 4435 625 4488 semel
637 4435 666 4488 in
675 4452 747 4488 anno
756 4453 788 4488 ex
797 4441 923 4504 precepto
932 4438 1043 4491 ecclesie
1055 4455 1061 4490 :
1075 4437 1169 4490 Omnis
1178 4435 1320 4502 utriusque

96 4534 182 4571 sexus
192 4520 243 4572 eto.
256 4517 439 4574 confitendum
446 4521 495 4581 est,
505 4516 621 4572 maxime
638 4517 687 4572 illo
705 4522 825 4586 tempore
843 4535 898 4586 quo
908 4519 1042 4575 incumbit
1058 4517 1222 4573 diuinissimi
1239 4537 1317 4575 euca-
