3194 5408
279 497 328 551 352
790 499 890 554 ANNO
909 501 986 553 1460

279 660 437 708 vrouwen
452 641 700 726 aengehouden,
720 642 915 709 weeronder
931 643 971 709 de
991 645 1201 728 gouverneur
1215 661 1281 708 ven
1301 639 1449 709 Atrecht
1471 661 1515 706 en

279 742 581 831 vijflichtekooieu.

312 931 422 986 Oomme
440 932 493 999 chy
504 932 596 986 dessus
604 930 653 999 j'ei
671 932 720 996 dit,
734 933 825 986 furent
836 933 913 999 prins
924 931 1017 986 lesdits
1028 929 1174 993 Deniselle,
1185 929 1265 983 Abbe
1275 928 1309 983 de
1327 946 1382 997 peu
1399 929 1435 982 de
1451 943 1514 982 sens

279 1016 306 1067 et
327 1015 430 1067 eultres
451 1013 505 1081 chy
527 1013 619 1068 dessus
641 1018 772 1079 nommes,
784 1013 900 1080 lesquels
910 1013 1075 1080 interrogies
1086 1028 1136 1079 per
1147 1010 1273 1079 gehenne
1283 1028 1321 1064 ou
1332 1009 1510 1072 eultremenl,

278 1095 468 1158 confesserem,
488 1094 551 1148 c’est
570 1095 708 1162 essqavoir
730 1096 815 1149 ledite
838 1095 984 1160 Deniselle,
1003 1094 1070 1148 ledit
1080 1094 1167 1157 Abbe,
1185 1092 1310 1147 dehenne
1333 1092 1510 1162 Deuvergne‚

278 1177 394 1240 Belotte,
418 1176 585 1245 Vergengou
605 1184 632 1230 et
654 1177 857 1243 Blenquinette,
882 1176 959 1230 evoir
981 1180 1037 1230 este
1056 1192 1091 1229 en
1112 1174 1254 1229 veulderie
1271 1179 1299 1228 et
1320 1192 1338 1242 y
1360 1175 1441 1228 avoir
1456 1191 1508 1228 reu

277 1259 366 1312 moult
377 1257 533 1322 d'hommes,
548 1259 582 1311 de
593 1259 705 1312 femmes
721 1264 749 1312 et
764 1276 832 1327 gens
851 1259 885 1312 de
902 1264 975 1312 toute
992 1263 1085 1321 estete,
1102 1256 1193 1311 riches
1209 1264 1236 1310 et
1259 1272 1386 1324 pauvres,
1405 1261 1434 1310 et
1448 1261 1506 1310 tent

278 1357 332 1407 que
342 1357 405 1394 eene
422 1342 536 1395 nombre
547 1356 584 1393 on
596 1340 691 1407 disoit3
711 1344 789 1407 apres
805 1341 948 1407 lesquelles
965 1339 1131 1394 confessione
1147 1339 1187 1394 les
1202 1337 1321 1394 rieures
1337 1341 1372 1394 de
1389 1339 1505 1407 l’eveque

279 1420 438 1476 euvoierent
459 1438 476 1474 e
496 1421 630 1489 Cembrey
650 1422 711 1475 leur
728 1423 879 1476 confession
899 1439 969 1490 pour
986 1421 1064 1475 evoir
1079 1421 1182 1475 conseil
1199 1422 1233 1475 de
1248 1437 1280 1475 oe
1295 1421 1380 1487 qu’ils
1399 1422 1500 1476 evolent

278 1504 377 1557 efeire
393 1520 410 1556 e
427 1520 485 1571 ung
501 1504 600 1558 meitre
617 1504 703 1558 Gilles
719 1505 834 1569 Cerlier,
847 1505 961 1559 docteur
978 1521 1012 1558 en
1028 1502 1177 1571 theologie,
1195 1502 1259 1571 agie
1275 1503 1310 1558 de
1327 1517 1390 1558 nne
1407 1520 1454 1558 ens
1467 1519 1497 1556 on

278 1585 348 1652 plus,
361 1585 450 1652 doyen
465 1586 500 1640 de
517 1586 620 1654 l’eglise
631 1587 665 1640 de
678 1586 763 1640 Notre
775 1586 860 1640 Deme
876 1586 910 1640 de
922 1586 1057 1651 Cambrey
1080 1591 1107 1638 et
1124 1601 1183 1652 ung
1199 1585 1246 1639 dee
1262 1589 1390 1642 noteblee
1404 1588 1494 1654 clereqs

278 1667 326 1734 qui
337 1668 394 1721 fust
403 1684 439 1723 en
450 1667 660 1732 chrestiennete,
670 1686 776 1722 comme
787 1686 822 1722 on
835 1667 927 1731 disoit,
938 1675 966 1722 et
977 1685 993 1721 e
1005 1667 1104 1721 meitre
1114 1666 1247 1736 Gregoire
1260 1668 1380 1735 Nicolni,
1392 1657 1588 1760 oenoing

278 1755 306 1803 et
316 1749 417 1803 official
434 1750 467 1804 de
485 1751 604 1818 leveque
621 1751 655 1804 de
673 1751 816 1817 Cambrey‚
830 1754 886 1804 tres
898 1750 979 1803 noble
989 1750 1091 1815 olercq,
1105 1767 1211 1804 comme
1223 1767 1259 1804 on
1270 1750 1362 1806 discit.
1378 1751 1580 1834 hosque&

278 1833 401 1886 notebles
418 1833 531 1899 olercqs,
544 1834 628 1887 ledite
640 1833 793 1887 confession
806 1850 858 1886 vue
875 1831 976 1887 desdits
993 1832 1169 1898 prisonniers,
1183 1840 1366 1901 renvoyerent
1377 1834 1438 1888 leur
1448 1833 1569 1902 ορὶ.

278 1914 345 1968 nion
366 1931 417 1981 per
441 1916 541 1981 escript
560 1914 679 1968 eulxdits
699 1913 815 1967 vicaires
838 1912 888 1981 (υς
914 1920 942 1966 et
963 1929 1018 1966 non
1035 1913 1144 1967 obstent
1161 1929 1214 1980 que
1230 1931 1266 1968 ne
1282 1915 1341 1970 veie
1357 1932 1407 1984 pes
1423 1914 1571 1981 helix(³

278 1997 401 2065 opinion,
413 1997 554 2052 toutesfois
571 2015 607 2052 on
625 1998 707 2052 disoit
723 2014 776 2063 que
794 1998 925 2064 l’opiuion
941 1996 1046 2050 desdits
1056 1997 1160 2063 cleroqs
1178 2001 1266 2060 estoit.
1288 2013 1343 2065 que
1359 1996 1415 2052 s'lls
1431 2006 1566 2056 rou]-

277 2078 364 2134 loieut
380 2080 515 2147 reppeler,
528 2096 598 2146 pour
618 2079 646 2132 le
661 2078 796 2146 premiere
813 2078 873 2141 fois,
899 2079 933 2131 ils
950 2077 1011 2132 n‘en
1024 2079 1168 2134 debvoieut
1184 2080 1263 2147 point
1278 2080 1395 2143 mourir,
1408 2095 1446 2131 eu
1473 2096 1565 2135 cas

277 2159 358 2227 qu‘ils
371 2161 518 2214 n'euissent
529 2161 641 2214 commis
660 2161 721 2214 nuls
737 2161 878 2216 meurdres
896 2161 923 2214 ni
941 2161 997 2214 mel
1013 2164 1060 2214 use
1078 2161 1115 2213 du
1132 2176 1212 2227 corps
1228 2161 1263 2215 de
1274 2167 1353 2216 notre
1372 2160 1563 2229 Seigneur

277 2240 357 2297 Jesus
375 2242 475 2307 Christ,
495 2242 558 2296 c'est
578 2243 715 2310 essqevoir
733 2242 771 2296 du
788 2252 942 2296 sacrement
960 2241 993 2295 de
1010 2241 1114 2296 l'eutel.

312 2328 412 2381 Gontre
424 2325 543 2393 laquelle
553 2327 667 2393 opinion
679 2326 773 2379 lesdits
784 2343 885 2392 eveque
897 2327 930 2379 de
939 2325 1037 2390 Verut,
1047 2324 1201 2393 suffragent
1211 2327 1246 2380 de
1257 2325 1376 2380 l’eveche
1386 2326 1553 2386 dux-ras,

278 2413 307 2463 et
325 2407 424 2463 meitre
443 2409 560 2474 Jeeques
577 2408 614 2462 du
636 2408 708 2474 Bois,
728 2410 816 2476 doyen
834 2409 867 2463 de
884 2409 987 2478 l'eglise
1008 2410 1042 2463 de
1062 2409 1148 2464 Notre
1167 2408 1254 2464 Deme
1273 2409 1394 2477 d'llrres,
1412 2410 1552 2463 ferent

277 2492 456 2558 totelement3
480 2508 529 2545 cer
550 2490 585 2544 ils
606 2491 700 2545 furent
716 2492 853 2558 d’opinion
870 2509 923 2559 que
941 2497 1001 2545 tous
1018 2491 1098 2545 eeulx
1115 2492 1163 2558 qui
1182 2491 1293 2546 evolent
1310 2496 1367 2546 este
1385 2508 1403 2545 e
1420 2487 1545 2544 ludite

278 2572 419 2626 veulderie
437 2573 528 2641 etqui
545 2573 673 2627 l’evoient
685 2575 814 2638 confesse,
827 2574 954 2629 devoient
970 2574 1085 2636 mourir,
1099 2579 1125 2628 et
1142 2574 1223 2627 oeulx
1239 2575 1313 2629 aussi
1330 2574 1378 2642 qui
1391 2570 1539 2628 etaient

279 2660 405 2709 recenses
415 2655 516 2719 d'eulx,
529 2661 643 2722 suppose
654 2655 734 2721 qu’ils
745 2673 780 2709 ne
797 2656 835 2708 les
847 2661 1012 2723 cognuesent
1029 2657 1107 2723 point
1117 2655 1147 2709 ni
1162 2672 1214 2723 per
1224 2656 1351 2723 gehenne
1362 2657 1392 2710 ni
1403 2655 1530 2710 celere

278 2744 363 2803 ment,
377 2739 537 2792 moiennent
553 2739 695 2791 toutesfois
710 2737 790 2803 qu'ils
809 2738 883 2791 eleut
900 2738 969 2792 trois
985 2755 1021 2791 ou
1040 2744 1138 2806 quatre
1154 2738 1295 2807 temoinge
1311 2744 1408 2793 contre
1423 2735 1520 2793 eulx·

280 2820 316 2874 ut
332 2819 370 2887 s’y
382 2820 509 2874 foisoient
525 2821 616 2875 iceulx
628 2822 716 2888 doyeu
728 2827 755 2875 et
770 2836 872 2886 eveque
888 2822 976 2874 moult
992 2824 1097 2890 grende
1113 2822 1251 2890 diligeuoe
1268 2822 1345 2876 odfin
1361 2837 1414 2888 que
1430 2817 1515 2875 tonte

275 2902 391 2956 fuissent
403 2902 465 2954 erds
476 2911 504 2956 et
517 2920 550 2957 en
562 2902 707 2970 prenoient
717 2902 805 2957 moult
816 2902 850 2957 de
860 2903 953 2970 peino.

309 2984 411 3051 loelluy
430 2986 517 3052 doyen
538 2984 620 3038 disoit
637 2992 665 3039 et
686 2985 816 3039 certifioit
833 3003 867 3039 en
887 2991 976 3039 toutes
996 2986 1173 3054 compagniee
1189 3002 1225 3040 ou
1244 2986 1268 3039 il
1284 2988 1375 3051 estoit,
1394 2992 1421 3042 et
1439 2985 1493 3040 bien

275 3082 329 3133 que
345 3066 386 3119 lui
403 3083 486 3132 ouyes
502 3066 570 3128 dire,
589 3082 644 3132 que
659 3066 688 3119 le
705 3065 810 3120 tierche
826 3066 860 3119 de
877 3066 1080 3121 chrestiennete
1097 3073 1125 3121 et
1141 3066 1203 3134 plus
1222 3067 1334 3122 evolent
1350 3073 1407 3123 este
1425 3067 1490 3122 enle

275 3148 416 3202 veulderie
432 3155 459 3201 et
476 3149 592 3202 estoient
609 3148 743 3212 veuldois,
763 3153 790 3202 et
806 3148 910 3216 sqevoit
928 3149 1005 3202 telles
1016 3149 1120 3213 choses,
1132 3149 1200 3203 dont
1216 3149 1237 3202 il
1254 3166 1289 3204 ne
1301 3150 1379 3218 pooit
1394 3151 1491 3215 nime

275 3247 328 3297 que
345 3230 387 3283 e’il
403 3230 429 3283 le
446 3231 521 3297 pooit
538 3231 607 3295 dire,
626 3248 663 3284 on
680 3248 715 3284 eu
731 3231 815 3285 seroit
832 3233 920 3285 moult
942 3231 1061 3299 eshehy3
1083 3238 1110 3286 et
1129 3248 1195 3285 evec
1212 3249 1244 3286 ce
1260 3232 1344 3287 disoit
1360 3249 1415 3299 que
1431 3237 1493 3287 toute

276 3315 357 3367 ceulx
368 3312 416 3380 qui
428 3313 545 3367 estoient
561 3319 673 3368 eccuses
685 3314 783 3366 d’estre
802 3314 934 3377 veuldoie,
948 3315 1064 3368 estoieut
1076 3315 1208 3379 veuldois,
1222 3316 1309 3381 etqui
1321 3315 1383 3369 n’en
1394 3315 1498 3383 pooieut

276 3411 389 3448 eocuser
407 3395 468 3447 uuls
484 3395 532 3460 qui
549 3411 584 3448 ne
601 3397 627 3449 le
643 3395 774 3462 fuissent3
789 3401 816 3449 et
832 3403 919 3462 quant
936 3413 972 3449 on
984 3395 1095 3464 erguoit
1106 3401 1203 3450 contre
1213 3397 1263 3461 lui,
1273 3397 1392 3452 fuissent
1402 3397 1500 3466 eleroqs

277 3494 313 3531 ou
323 3479 432 3541 eultres,
443 3477 525 3531 disoit
536 3478 617 3544 qu’on
629 3477 753 3532 debvroit
765 3480 882 3546 prendre
894 3481 984 3548 iceulx
996 3495 1101 3533 comme
1118 3485 1239 3548 suspects
1250 3481 1348 3535 d'eetre
1360 3481 1501 3549 veuldois3

277 3561 317 3615 lee
327 3566 487 3615 soustenens
497 3577 551 3627 que
566 3579 597 3615 ee
610 3561 710 3628 polroit
727 3566 798 3615 estre
810 3579 846 3615 ou
865 3563 943 3614 evoir
954 3578 988 3616 en
1003 3563 1063 3615 leur
1079 3562 1130 3615 fuit
1146 3563 1267 3628 illusion,
1286 3564 1307 3616 il
1324 3562 1411 3618 disoit
1427 3563 1506 3630 qu’on

276 3643 403 3697 debvroit
419 3643 536 3710 prendre
552 3644 644 3698 iceulx
655 3661 762 3698 comme
779 3649 900 3711 suspects
920 3643 1004 3699 d'etre
1020 3644 1153 3699 veuldoie.
1177 3644 1200 3697 ll
1216 3645 1257 3699 dit
1276 3645 1350 3699 ansel
1372 3654 1509 3713 perevant

276 3724 343 3793 qu'il
355 3724 399 3791 n'y
410 3742 444 3779 en
455 3726 495 3779 olt
505 3725 621 3779 eulouns
632 3726 704 3790 erds,
717 3743 771 3793 que
782 3735 869 3793 quent
880 3745 912 3781 ce
923 3727 1026 3780 verroit
1037 3727 1072 3795 (2)
1085 3745 1101 3780 a
1112 3727 1139 3780 le
1151 3734 1231 3791 mort,
1245 3725 1279 3780 ils
1290 3728 1510 3795 reppelleroient

276 3812 339 3862 tout
360 3825 391 3861 ce
412 3807 492 3875 qu’ils
511 3809 637 3864 euroieut
659 3811 709 3873 dit,
731 3817 759 3863 et
778 3827 831 3876 que
852 3811 879 3864 le
898 3810 989 3864 dieble
1008 3811 1069 3864 leur
1088 3810 1179 3865 feisoit
1199 3800 1230 3864 ee
1250 3810 1329 3875 faire,
1351 3813 1412 3866 efiu
1430 3814 1512 3881 qu'ils

275 3888 392 3944 fuissent
408 3890 520 3943 damnes
543 3908 577 3945 en
600 3893 693 3958 enfer;
715 3897 742 3946 et
762 3910 797 3946 en
813 3898 901 3946 tontes
921 3910 965 3946 ees
984 3892 1080 3946 choses
1097 3892 1123 3946 le
1139 3892 1289 3947 soustenoit
1310 3899 1338 3947 et
1357 3895 1513 3952 confortoit

275 3971 345 4027 ledit
362 3989 463 4038 eveque
476 3973 509 4026 de
521 3972 609 4027 Verut
627 3980 654 4027 et
674 3991 705 4040 sy
724 3974 808 4027 discit
825 3973 891 4041 qu’il
908 3974 987 4028 estoit
999 3991 1079 4041 vrey.
1102 3973 1168 4028 Plus
1185 3975 1206 4028 il
1222 3974 1305 4028 disoit
1322 3974 1394 4041 qu’il
1412 3979 1516 4035 cmioit

276 4054 343 4122 qu’il
365 4072 383 4122 y
406 4056 481 4108 evoit
503 4056 550 4108 des
570 4073 694 4122 eveques,
716 4055 805 4109 voires
827 4056 874 4109 des
896 4057 1059 4121 cardineux,
1082 4057 1130 4122 qui
1152 4055 1261 4111 evolent
1283 4062 1342 4111 este
1365 4075 1405 4114 en
1427 4061 1517 4118 ludite

276 4137 426 4200 veulderie‚
446 4143 473 4191 et
491 4138 525 4191 de
543 4137 645 4205 grands
665 4135 785 4201 mitres,
809 4143 836 4190 et
861 4137 928 4203 qu’il
957 4156 974 4205 y
1002 4156 1038 4193 en
1062 4139 1137 4192 evoit
1164 4144 1231 4202 tent,
1250 4154 1304 4205 que
1322 4138 1383 4194 e’ils
1400 4143 1517 4210 pooient

277 4223 355 4278 evoir
373 4222 491 4288 quelque
508 4221 551 4274 roi
568 4238 604 4274 ou
622 4220 711 4288 greud
729 4221 825 4287 prince
842 4220 875 4274 de
892 4222 953 4275 leur
970 4222 1141 4290 compagnie,
1155 4222 1189 4276 ils
1206 4221 1400 4279 s’eleveroient
1418 4233 1519 4283 contre

308 4419 344 4488 (1)
355 4420 403 4473 Zie
414 4417 461 4473 het
470 4418 643 4486 voorgeende
654 4418 732 4475 stuli.

309 4503 345 4572 (2)
361 4502 398 4558 Ge
409 4499 559 4557 riendroit.
