3188 5408
515 518 616 584 ANN‘O
636 523 722 599 itia,
741 530 823 588 115³·
1247 536 1285 592 33

69 656 144 711 '¹²⁸0
158 666 254 730 imitor
269 674 346 736 meet,
359 671 516 740 adimpleat.
527 673 609 732 Vovit
620 677 701 742 enim,
715 681 747 732 ut
759 678 836 743 dicit,
850 677 873 732 ei
886 693 980 733 eorum
998 676 1102 733 meritis
1114 679 1141 731 et
1151 675 1277 743 precibus

76 739 185 804 medei,
191 759 280 820 posset,
292 754 365 821 quod
376 772 470 810 eorum
487 756 584 812 limina
600 758 713 814 devotus
724 760 857 828 visitaret,
870 752 902 815 ut
918 757 984 830 ipeie
995 760 1146 830 gratiarum
1157 753 1279 813 ectionce

77 839 126 892 ΡΝ
135 841 280 889 waima
287 837 378 892 ⁸salute
389 837 556 905 rependeret.
571 839 648 895 Alios
659 858 724 895 vero
732 841 815 910 hujus
822 842 923 897 emonis
935 842 1081 910 participes
1091 857 1140 909 per
1150 839 1279 906 religiosa

77 904 134 959 ¹⁰0⁸
144 909 282 982 divisimus,
298 918 364 986 qnid
375 936 456 988 suuper
467 920 507 975 eis
518 922 552 975 ad
563 923 764 992 correctionem
776 918 913 993 agendum
926 925 962 978 eit
973 924 1075 978 evobie
1086 927 1277 991 exspectantes

79 984 211 1053 Praetem
229 1001 339 1056 caritati
360 1009 465 1058 vestrae
485 998 658 1060 notificamus
679 1006 753 1073 quie,
767 1007 916 1062 secundum
927 1009 998 1074 quod
1014 1007 1048 1060 ab
1060 1005 1104 1059 hie
1116 1004 1163 1072 qui
1175 1023 1192 1059 a
1203 1005 1280 1059 nobie

77 1068 220 1139 dfflehtnai
235 1088 307 1148 euni,
328 1085 490 1154 accepimus,
514 1103 607 1142 omnee
631 1087 729 1142 Gallici
753 1088 833 1158 regni
850 1095 932 1157 atque
949 1083 1035 1143 nostri
1053 1087 1176 1142 civitatee
1195 1087 1277 1154 hujus

77 1158 169 1216 morie
177 1180 275 1229 veneno
283 1183 317 1220 ex
326 1173 403 1235 parte
414 1185 516 1239 magna
526 1169 642 1224 iniectae
651 1177 723 1225 eunt.
735 1171 882 1226 Providcat
893 1171 985 1238 itaque
992 1174 1098 1225 vestrae
1104 1168 1277 1237 paternitatis

74 1237 320 1387 algergmmeffine
330 1251 382 1306 hoc
394 1251 477 1307 altius
493 1259 594 1322 serpat,
607 1253 653 1309 eed
670 1254 793 1310 cauterio
810 1254 973 1325 diligentiae
986 1253 1116 1310 salutaris
1132 1253 1274 1319 aduretur,

131 1343 149 1380 e
164 1330 223 1387 ciat.
290 1349 318 1386 e.

286 1432 411 1490 Martdne
421 1452 456 1491 en
467 1435 589 1501 Durand,
597 1435 784 1506 Amplissima
794 1435 927 1503 collectio,
940 1435 1000 1493 decl
1009 1437 1029 1502 Ι,
1043 1435 1094 1495 bla.
1106 1437 1154 1492 tto
1166 1451 1200 1507 en
1210 1439 1272 1492 ΤΠ.
1301 1493 1306 1500 ,

546 1576 815 1699 4ιιι..

108 1808 211 1896 1148,
235 1819 354 1887 Maart
375 1821 434 1899 21,
460 1822 588 1889 Raima.
612 1822 792 1889 Uittrekeel
815 1821 863 1888 uit
888 1820 927 1886 de
954 1820 1105 1888 canam
1127 1840 1193 1888 van
1217 1824 1275 1891 het

74 1904 201 1986 Concilio
215 1921 328 1988 aldacr
342 1922 423 1989 door
435 1943 516 2010 paus
531 1924 695 2011 Eugenius
711 1926 758 1992 III
772 1924 957 2010 gehouden,
975 1926 1073 2010 tegen
1090 1923 1129 1990 de
1151 1922 1275 1992 kettena

76 2027 110 2076 0¹1
124 2013 228 2091 huone
244 2026 465 2113 aanhangers.
479 2066 522 2079 —
534 2028 693 2096 Nicmand
706 2049 781 2116 mag
797 2028 836 2094 de
847 2028 985 2106 ketters,
1005 2028 1056 2094 die
1068 2029 1100 2095 in
1117 2029 1139 2095 't
1156 2028 1276 2097 Zuiden

75 2129 126 2183 i²³¹1
149 2124 325 2218 Frankrijk
350 2152 390 2197 en
407 2131 514 2198 eldors
536 2131 729 2221 vorblijven,
749 2135 936 2217 ontvangen
954 2130 990 2197 of
1008 2131 1214 2218 vendedigen.
1236 2154 1275 2220 op

18 2221 24 2227 ’
73 2218 149 2288 etms
162 2251 222 2299 ran
238 2234 302 2301 den
317 2234 491 2303 banvloek.
510 2237 596 2303 Ovcr
612 2238 671 2304 het
685 2241 813 2324 gcwest
828 2258 892 2303 van
909 2236 1068 2322 dengcne,
1089 2234 1140 2301 die
1156 2236 1178 2301 't
1193 2236 1275 2302 doen

68 2333 120 2402 ²⁰⁰,
146 2335 200 2401 zal
214 2336 236 2403 't
250 2336 415 2425 kerkelijk
431 2338 583 2406 interdici
598 2337 732 2406 worden
746 2338 991 2426 uiigesprokeu.

88 2485 194 2559 XV111.
205 2504 250 2560 Na
261 2509 324 2576 quic
336 2505 548 2562 haeresiarchas
561 2516 584 2561 ot
597 2525 726 2579 sequaces
737 2517 925 2564 manuteneat.

85 2568 256 2640 Quinetiam
267 2590 416 2654 apostolica
432 2590 508 2643 sedes
520 2591 592 2656 quod
611 2598 716 2645 rectum
730 2598 769 2646 est
786 2591 927 2646 consuevit
939 2594 1042 2643 attenta
1063 2587 1277 2654 consideratione

62 2645 211 2733 defendere,
224 2675 251 2724 et
261 2671 334 2737 quod
348 2671 457 2725 devium
469 2671 610 2726 invenitur
622 2691 678 2726 esse
691 2674 819 2735 devitare,
841 2673 991 2740 praesentis
1002 2671 1103 2735 decreti
1116 2670 1278 2737 auctoritato

62 2742 241 2822 Pfflfflipimue
256 2758 288 2806 ut
305 2752 398 2806 nullus
415 2753 526 2807 omnino
543 2754 688 2808 hominum
705 2755 910 2810 haeresiarchas
927 2760 1064 2808 eteorum
1082 2769 1216 2819 sequaces,
1230 2753 1277 2819 qui

63 2828 85 2866 ¹¹¹
95 2831 228 2887 natabus
244 2834 414 2888 Guasooniae
432 2841 480 2888 aut
492 2835 655 2891 Provinciae
671 2838 715 2890 vel
732 2837 798 2891 alibi
818 2841 1032 2898 commorantur,
1044 2839 1218 2888 manuteneat
1233 2834 1277 2887 vel

64 2893 195 2975 defendat,
207 2932 257 2970 nec
274 2916 374 2983 aliquis
393 2916 433 2969 eis
453 2917 482 2970 in
498 2923 572 2970 terra
583 2935 633 2971 sua
650 2919 852 2985 receptaculum
865 2918 1000 2985 praebeat.
1015 2915 1043 2969 Si
1060 2915 1120 2982 quis
1131 2920 1221 2983 autem
1233 2915 1276 2968 vel

65 2983 150 3071 ”ide
161 3003 262 3053 caetero
273 2999 394 3052 retinere
406 2998 449 3051 vei
461 2999 496 3051 ad
508 2998 576 3052 alias
588 3005 678 3066 partes
691 3000 893 3067 proficiscentes
904 3015 999 3053 eorum
1011 2998 1097 3050 errori
1110 2996 1278 3050 consentiens

65 3071 182 3132 reclltere
196 3079 265 3134 forte
282 3081 503 3148 praesumpserit,
518 3097 572 3147 quo
584 3081 672 3135 iratus
686 3081 758 3135 Deus
769 3081 874 3135 animas
885 3082 1004 3148 percutit
1017 3077 1189 3132 anathemate
1202 3077 1278 3131 seria·

64 3142 535 3278 i³1¹¹¹tse<³iffiutorriseorum,doneo
557 3163 692 3231 condigne
716 3163 893 3227 satisfaciant,
917 3161 1010 3215 divina
1033 3159 1166 3214 celebrari
1189 3159 1278 3213 officia
1300 3219 1302 3224 ‚

109 3237 255 3301 ‘mmmm'
317 3325 419 3394 mansi,
432 3324 643 3392 aarxxrun.
657 3327 715 3381 ue.
729 3323 819 3392 (aare,
833 3324 892 3380 aea
905 3324 939 3391 11,
952 3323 1005 3378 nn.
1022 3323 1075 3391 aa).

637 3513 700 3581 32.

91 3687 207 3779 1153,
233 3703 408 3773 Februari
424 3705 458 3782 5,
479 3705 597 3772 Rome.
622 3705 683 3772 Bul
709 3723 771 3771 van
793 3720 874 3788 paue
897 3702 1062 3789 Eugeniue
1083 3699 1130 3767 111
1152 3724 1213 3772 ean
1237 3704 1279 3770 de

56 3796 305 3895 ieflstelijkheid
334 3830 374 3877 cn
402 3809 442 3877 de
472 3809 643 3877 bewouere
674 3828 739 3875 vau
767 3808 789 3874 't
817 3805 940 3873 bisdom
968 3806 1107 3873 Atreaht
1134 3827 1212 3874 over
1238 3808 1278 3874 de

55 3879 185 3976 l‘estere
206 3912 337 3979 hunner
359 3915 538 3999 gewesten.
557 3949 601 3961 -
624 3912 669 3977 De
690 3928 770 3996 pens
792 3913 876 3994 aegi,
896 3908 953 3974 dat
973 3909 1017 3996 hij
1041 3913 1074 3974 te
1096 3910 1198 3979 Rome
1219 3910 1277 3978 het

53 3984 177 4080 belz<teir
201 4035 265 4082 van
289 4014 352 4082 den
371 4014 613 4083 Atrechtschen
639 4012 788 4097 bisschop
811 4009 1015 4077 Godesahalk
1035 4010 1124 4076 heeft
1139 4017 1277 4081 onttan·

55 4110 137 4188 ΕΘΗ,
151 4115 200 4182 die
211 4116 287 4183 hem
300 4122 350 4186 toi
362 4119 447 4206 zijne
459 4122 573 4204 groote
586 4115 753 4184 dnoeiheid
766 4112 891 4200 gemeld
903 4112 1004 4193 heeft,
1020 4112 1077 4179 dat
1092 4133 1128 4179 er
1140 4115 1174 4180 in
1186 4114 1278 4194 diens

56 4202 180 4288 b'ffldom
194 4222 324 4290 kettena
338 4229 373 4290 te
388 4222 507 4289 vindan
524 4224 602 4311 ziju.
620 4224 703 4289 Deae
720 4218 872 4289 trachten
888 4217 966 4283 zeifs
982 4218 1054 4284 veel
1070 4218 1278 4303 aanhangers

62 4312 246 4392 torinnen.
266 4327 313 4392 De
328 4345 408 4411 paue
426 4323 565 4405 beveelt,
585 4324 641 4391 dat
657 4344 731 4391 men
748 4323 806 4390 het
821 4323 939 4390 vonnis
954 4321 1035 4388 door
1050 4322 1112 4388 den
1129 4321 1277 4408 bisschop

67 4422 130 4536 rufi
142 4425 243 4514 aiJnen
261 4416 573 4517 goestelijkenraad
589 4432 689 4515 tegen
714 4427 779 4494 hen
796 4424 1027 4512 nitgesproken
1048 4429 1134 4494 moet
1157 4424 1279 4493 eerbie·
1297 4416 1302 4422 ’

72 4522 166 4612 dien,

1196 4640 1213 4707 ³,
