3188 5408
692 514 793 571 Anno
811 515 887 570 1421

752 718 843 788 262.

234 923 511 1000 11121,Dowoai,
532 925 672 990 Atreoht
687 942 729 989 en
753 925 937 1012 Volonotjn.
957 924 1140 992 Uittreksel
1155 924 1206 991 uit
1219 923 1257 990 de
1268 923 1356 1012 kronisr

188 1049 251 1095 van
269 1028 331 1094 den
348 1028 530 1114 tijdgenoot
546 1027 740 1093 Monstrelet
755 1047 835 1093 over
850 1029 890 1095 da
906 1028 1115 1116 voorgaande
1131 1027 1224 1094 zaak.

221 1213 256 1266 nt
274 1212 377 1266 d'autre
397 1216 458 1280 pan
477 1212 568 1266 furunt
585 1215 695 1265 trouver
717 1230 752 1266 66
770 1213 824 1267 166
843 1212 963 1266 dessudit
978 1213 1067 1278 (1421)
1086 1210 1222 1280 plusieurs
1238 1211 1353 1265 honnut

188 1296 299 1348 femmes
316 1300 410 1349 tonans
427 1293 526 1348 ladicte
543 1293 647 1347 horosio
658 1295 713 1359 (des
725 1296 856 1364 Pragoys)
868 1300 895 1350 et
911 1295 1011 1349 faisant
1026 1295 1088 1349 leur
1104 1294 1210 1350 concile
1220 1293 1354 1348 ensenblen

188 1395 227 1431 un
237 1377 327 1446 vilage
343 1381 404 1445 pres
421 1377 516 1444 Douay
533 1381 640 1430 nomme
652 1377 739 1442 Sains,
751 1379 852 1432 dedens
871 1378 960 1445 lequel
979 1378 1014 1431 ilz
1035 1379 1128 1432 furent
1144 1382 1252 1432 trouven
1265 1382 1353 1431 616666

187 1461 354 1527 prisonniers
370 1462 386 1512 “a
403 1460 430 1511 la
447 1462 525 1511 court
541 1460 574 1511 de
591 1459 721 1527 l’evesquo
732 1461 849 1514 d’Arras.
863 1460 993 1527 Desquelz
1010 1460 1048 1513 les
1068 1477 1174 1514 aucuns
1193 1477 1221 1513 se
1239 1456 1354 1526 mpont'rnt

187 1547 215 1596 et
226 1543 415 1611 rappellerent,
428 1540 544 1606 lesquelz
560 1541 651 1595 furent
667 1559 762 1610 166666
778 1546 795 1595 a
812 1542 953 1610 ponitonoe
970 1545 997 1596 et
1008 1559 1110 1610 morey,
1124 1546 1152 1596 et
1168 1542 1208 1596 166
1218 1546 1354 1611 antrannis

187 1626 265 1693 qu’ilz
276 1629 372 1678 eunont
387 1627 442 1677 este
453 1624 579 1690 preschez
590 1623 667 1677 dudit
679 1629 792 1691 6666666
803 1630 831 1679 et
845 1625 878 1678 (16
895 1624 1076 1691 l'inquisiteur
1086 1625 1121 1678 de
1136 1624 1165 1678 la
1181 1624 1235 1692 foy,
1251 1625 1358 1679 furentia

187 1712 215 1763 et
226 1709 326 1776 brouyz
338 1707 415 1760 audit
425 1704 480 1758 lieu
492 1706 609 1769 d'Arras,
623 1711 640 1758 a
651 1707 746 1774 Douay
757 1712 784 1760 et
795 1711 812 1760 a
823 1707 1030 1761 Valonoiennos.

448 1822 605 1892 Chronique
635 1824 831 1893 d'Enquerran
865 1825 899 1877 de
931 1823 1109 1888 Monstrelet,
1146 1824 1297 1894 nitgegaven
1317 1820 1356 1874 dor

480 1907 511 1959 L.
525 1907 728 1974 Douetd'Areq,
741 1908 799 1960 dael
811 1907 858 1971 IV,
871 1908 921 1961 blz.
935 1911 976 1962 87.

751 2139 842 2206 266.

235 2345 338 2419 1421,
373 2341 531 2418 Dowaai,
566 2343 706 2408 Atreeht
737 2362 778 2409 en
812 2345 998 2429 Volnaoijn.
1032 2342 1214 2409 Uittrekael
1246 2341 1287 2408 uit
1310 2353 1359 2404 66

188 2446 403 2534 gelijktijdige
431 2445 563 2532 kronijk
579 2465 643 2511 van
660 2466 763 2510 66666
790 2446 1013 2532 onganoamde
1038 2466 1118 2512 ovar
1145 2444 1283 2511 deaelsde
1299 2437 1358 2508 in.

221 2635 255 2688 Et
266 2651 300 2687 on
312 2635 352 2687 oel
364 2650 399 2686 an
411 2631 534 2686 meismes
545 2631 628 2696 (1421)
639 2632 730 2685 furent
748 2591 894 2698 piuisseura
905 2632 1034 2698 (feminea)
1045 2635 1171 2686 trouvaes
1182 2637 1211 2686 et
1220 2647 1277 2698 omy
1285 2627 1362 2690 binni

187 2717 312 2769 d'ommes
329 2719 424 2773 tonans
440 2713 535 2766 laditte
546 2712 656 2779 heresyo
668 2714 724 2777 (des
742 2712 862 2766 Hussites
879 2714 913 2766 de
931 2713 1059 2781 Prague),
1072 2712 1175 2767 faisans
1190 2716 1219 2767 ot
1234 2716 1315 2767 tonans
1326 2707 1362 2760 ln

187 2798 301 2852 concillo
317 2802 334 2849 a
349 2815 406 2865 ung
416 2795 516 2862 village
528 2800 632 2861 empres
644 2795 754 2862 Douay,·
762 2801 869 2848 nomme
881 2795 1026 2848 Graimori.
1040 2796 1149 2862 Anquel
1161 2795 1262 2863 village
1275 2793 1293 2846 il
1304 2787 1363 2845 16611

186 2886 295 2935 trouvos
306 2885 332 2932 et
344 2885 433 2932 mones
445 2877 610 2946 prisonniers
622 2879 637 2929 6
649 2880 732 2930 Arnas
743 2895 777 2930 66
789 2879 816 2930 la
833 2880 912 2930 court
923 2879 956 2930 do
971 2879 1104 2944 l'avesquo
1120 2877 1201 2931 dudit
1211 2877 1273 2930 lieu.
1285 2871 1364 2939 1166ῦέ·

187 2966 225 3017 les
237 2980 340 3016 aucuns
351 2980 378 3015 se
395 2960 561 3027 repentiront
578 2971 605 3011 et
622 2959 811 3024 reppellorent,
830 2957 877 3025 qui
895 2959 987 3012 iurent
1003 2959 1118 3012 recheuz
1136 2961 1153 3011 a
1170 2955 1317 3025 penitanche
1328 2948 1365 3005 611

187 3063 288 3112 mercy,
298 3049 325 3097 et
341 3045 379 3096 les
396 3043 497 3095 aultros
508 3043 599 3094 iurent
610 3057 654 3092 ais
666 3046 692 3093 et
708 3039 783 3092 bruis
794 3040 885 3093 ausdis
896 3041 970 3094 lieux
981 3042 1091 3094 d'Arras
1108 3043 1136 3094 et
1152 3041 1186 3093 de
1199 3041 1287 3106 Douay
1300 3041 1366 3094 61ῦῦ1

188 3126 438 3181 aValenohiennes.
458 3125 575 3190 Esquolx
591 3122 673 3186 lieux,
687 3128 769 3176 avant
785 3124 846 3175 leur
862 3127 941 3186 mort,
961 3124 981 3176 il
999 3124 1091 3177 furent
1108 3122 1244 3191 proechios
1259 3137 1300 3174 sur
1312 3126 1369 3187 griffi

188 3210 323 3263 esoaffaux
334 3211 432 3262 devant
443 3212 502 3260 tout
519 3207 543 3259 16
561 3206 657 3272 666616
669 3222 718 3272 par
734 3206 865 3272 l'evesque
875 3206 954 3259 dudit
970 3205 1025 3260 lieu
1037 3207 1147 3260 d'Arras
1158 3211 1186 3260 et
1196 3221 1246 3273 par
1260 3205 1283 3258 16
1291 3199 1374 3256 naim

189 3301 216 3345 et
228 3290 390 3357 inquisiteur
402 3293 448 3343 dos
460 3291 584 3356 bougres.

452 3403 607 3472 Cltronique
619 3418 756 3468 anonyme
768 3419 844 3470 pour
863 3403 888 3456 le
905 3409 989 3472 reone
1006 3404 1041 3456 de
1054 3403 1170 3458 Chartae
1186 3405 1226 3457 Vl
1237 3391 1391 3468 (reuoluti,

482 3485 644 3552 uitgegeven
654 3485 721 3536 door
731 3484 926 3552 Donet-d‘Arcq
939 3485 968 3537 in
980 3489 1032 3551 zijn
1041 3487 1242 3540 661οά661666
1252 3478 1400 3547 Chrontffl

484 3568 678 3633 d'Enquerron
691 3565 724 3617 de
739 3567 908 3630 Monstrelet,
921 3569 1016 3621 aldaar
1026 3569 1077 3622 blz.
1090 3572 1148 3622 311.

750 3789 843 3856 264.

236 3999 341 4093 1421,
375 3996 524 4069 Atrecht,
564 3992 713 4060 Dowooi
748 4011 789 4057 ea
834 3990 1018 4074 Valenczjn·
1059 3988 1305 4074 Aanteekening
1331 3993 1402 4050 iffi

189 4102 342 4188 Meyerns
366 4120 444 4165 over
466 4097 608 4164 dozelsde
631 4095 724 4162 naak.

222 4299 356 4362 Atrebati,
371 4297 456 4351 Duaoi
469 4303 496 4351 ot
506 4297 675 4351 valentianis
692 4296 810 4362 quidam,
829 4293 918 4359 inquit
935 4293 1119 4359 Engerranus,
1137 4291 1203 4360 igne
1214 4290 1316 4347 cremati
1325 4291 1402 4341 sua

191 4382 237 4450 qui
249 4387 348 4436 sectam
362 4387 389 4435 et
407 4381 547 4448 opiniones
564 4381 692 4433 tenebant
703 4381 874 4432 Boemorum.
894 4376 988 4428 Boemi
1006 4392 1054 4441 per
1070 4375 1098 4427 id
1115 4378 1221 4442 tempus
1232 4377 1265 4429 ob
1275 4374 1402 4428 defens

192 4465 308 4520 tissimos
318 4481 407 4517 mores
420 4464 583 4516 clericorum
593 4462 777 4514 vociferantur
788 4476 836 4526 pro
847 4457 1039 4510 reformatione
1048 4456 1186 4511 ecelesiae.
1201 4456 1317 4520 Quicum
1328 4448 1402 4505 ni>

192 4547 354 4612 obtinerent,
369 4547 415 4600 sed
427 4545 613 4601 tantummodo
624 4544 779 4598 riderentur
790 4548 816 4596 et
827 4539 1047 4602 criminarentur,
1059 4540 1147 4595 multo
1159 4540 1238 4607 plura
1245 4538 1310 4593 man
1318 4548 1402 4600 qua
