3194 5408
600 511 701 572 ANNO
719 519 796 572 1234
1287 516 1319 578 911

62 659 196 747 liugan
221 679 293 727 van
317 659 359 727 de
381 659 558 726 monniken
582 680 624 725 en
646 659 758 726 vooral
783 678 846 725 van
870 655 932 724 den
960 656 1155 742 inquisiteur
1178 653 1315 734 Robart,

59 763 302 851 predikheer,
323 763 375 830 die
398 763 489 830 zelve
511 783 572 829 een
595 761 755 830 beheerde
779 762 888 828 hetter
909 781 992 838 was,
1011 765 1109 846 tegen
1135 759 1174 825 de
1191 758 1317 826 kettena

39 889 139 937 ‘van
156 866 384 934 Vlaanderen
401 886 442 932 en
459 887 523 934 van
539 866 579 932 de
594 866 762 933 Fransche
777 863 1010 951 grenelanden.
1029 901 1072 912 -—
1090 863 1206 942 Veleu,
1225 882 1317 928 mans

59 993 110 1040 en
134 991 329 1050 urouwen,
349 970 481 1038 werden
499 969 682 1046 verbraud;
706 969 797 1035 alzoo
814 969 873 1034 liet
890 965 1028 1034 broeder
1044 964 1167 1035 Robert
1184 987 1221 1031 er
1236 986 1317 1033 voor

58 1077 139 1165 zijn
173 1073 258 1141 dael
285 1093 326 1160 op
355 1072 417 1142 den
445 1073 506 1160 tijd
532 1094 596 1140 rau
624 1078 711 1140 twee
738 1070 775 1137 ol
798 1071 869 1138 drie
893 1071 1050 1137 maandeu
1076 1090 1135 1136 een
1161 1069 1317 1156 vijltigtal

58 1177 304 1248 verbranden
327 1175 365 1243 of
376 1176 493 1244 levend
514 1175 692 1262 begraven.
711 1175 884 1242 Hiermede
900 1173 1058 1241 rerwiert
1069 1174 1109 1239 de
1124 1172 1319 1257 inquisiteur

56 1282 145 1352 rich
159 1280 237 1349 den
250 1278 396 1369 bijnaam
409 1299 473 1346 van
485 1281 628 1347 madeus
640 1279 889 1346 hoereticorum
901 1278 1029 1367 (hamer
1044 1276 1103 1342 der
1118 1276 1272 1363 haltere).

97 1436 199 1491 Circa
211 1431 277 1487 dies
291 1436 384 1486 autem
395 1429 458 1485 illos
469 1430 586 1485 invaluit
596 1430 736 1486 haeretica
747 1431 867 1499 pravitas
883 1446 986 1494 eorum,
998 1429 1045 1496 qui
1060 1428 1211 1497 vulgariter
1223 1427 1317 1482 dicun·

55 1522 114 1572 tur
134 1513 285 1570 Paterini
303 1518 331 1567 et
347 1513 480 1581 Bagares,
498 1511 527 1566 in
545 1512 668 1580 partibus
684 1513 878 1581 transalpinis;
900 1512 933 1566 de
949 1528 1066 1579 quorum
1083 1511 1222 1565 erroribus
1245 1511 1318 1563 malo

55 1606 172 1654 tacere
194 1611 289 1664 quam
306 1593 392 1661 loqui,
410 1593 478 1648 adeo
495 1595 567 1662 quod
585 1594 648 1647 fidei
666 1595 813 1663 puritatem
831 1594 861 1648 in
878 1593 977 1647 finibus
989 1593 1122 1648 Franciae
1134 1600 1162 1648 et
1173 1591 1320 1646 Flandriae

56 1680 132 1734 ausi
146 1685 225 1734 sunt
239 1676 430 1746 perturbando
439 1677 551 1732 violare.
567 1676 619 1731 Sed
631 1676 757 1745 diligenti
770 1676 922 1731 ministerio
932 1678 960 1730 et
970 1677 1104 1731 indelessa
1115 1674 1318 1744 praedicatione

57 1764 228 1819 minorum
243 1767 273 1815 et
283 1758 504 1827 praedicatorum
521 1765 549 1813 et
563 1758 762 1827 theologorum,
778 1759 923 1826 praecipue
942 1758 1035 1813 fratris
1052 1756 1166 1828 Roberti
1177 1758 1211 1810 de
1222 1756 1319 1811 ordine

58 1844 317 1916 praedicatorum
328 1839 386 1909 (qni
399 1846 578 1910 cognomento
591 1840 684 1909 Bupre
695 1841 844 1905 dicebatur,
858 1840 923 1907 quia
935 1841 968 1895 ab
980 1840 1028 1894 illo
1041 1857 1187 1895 conversus
1194 1839 1229 1906 (1)
1241 1837 1317 1892 habi·

58 1937 131 1983 tum
158 1926 295 1994 suscepit
313 1923 528 1992 praedicatoris),
542 1923 589 1991 qui
614 1923 729 1977 malleus
750 1922 950 1978 haereticorum
971 1923 1121 1987 dicebatur,
1143 1923 1257 1978 consuas
1279 1929 1325 1985 est,

59 2027 177 2065 eorum
191 2006 361 2076 superstitio
378 2011 406 2060 et
422 2022 499 2059 error
515 2004 709 2075 deprehensus.
725 2005 906 2072 Quamplures
920 2011 1011 2060 autem
1024 2011 1183 2072 aratroque
1200 2022 1265 2061 sexu
1283 2005 1318 2059 ad

61 2091 163 2145 fidem
176 2086 313 2144 converti
325 2084 475 2143 refutantes
485 2088 551 2143 fecit
560 2089 687 2143 incendio
698 2089 873 2158 conflagrari,
895 2089 935 2142 ite
945 2090 1017 2155 quod
1035 2089 1108 2144 intra
1124 2089 1192 2143 duos
1203 2089 1246 2143 vel
1261 2080 1317 2142 tres

61 2189 191 2227 menses
203 2169 325 2225 circiter
335 2170 537 2240 quinquaginta
548 2171 613 2224 tecit
624 2160 788 2225 incendiuel
799 2171 875 2225 vivos
886 2171 1004 2240 sepeliri.

356 2265 493 2320 Matthaei
500 2267 673 2322 Paestana
680 2267 1316 2343 monachthlbanensishnqlihtatortamajor,

389 2348 423 2401 ad
442 2365 545 2404 aunum
564 2352 627 2403 1236
644 2349 767 2418 (uitgave
782 2366 835 2404 van
854 2351 966 2404 Londen
983 2353 1055 2416 1610,
1076 2353 1126 2408 blz.
1143 2356 1210 2420 tta).
1226 2383 1261 2394 —
1277 2356 1318 2409 Da

390 2433 505 2488 monnih
517 2433 672 2487 Matthaeus
683 2432 845 2487 parisiensis
855 2434 937 2488 stiert
944 2441 988 2488 teu
997 2441 1059 2501 jare
1078 2439 1186 2492 1259011
1198 2455 1254 2492 was
1266 2438 1327 2500 dus,

390 2531 440 2569 een
451 2515 603 2583 tijdgenoot
614 2532 668 2569 van
679 2515 732 2570 den
740 2515 908 2582 inquisiteur
920 2516 1030 2571 Robert.

671 2703 737 2773 9⁷.

125 2895 249 2971 1234,
269 2894 342 2960 Mei
354 2896 387 2972 2,
408 2895 564 2963 Dowoat'.
583 2896 763 2963 Uiltreksel
788 2897 837 2963 uit
855 2917 914 2964 een
940 2898 1002 2964 oud
1026 2897 1230 2966 hantlschrist
1251 2919 1313 2966 van

64 3001 116 3069 de
135 2997 426 3067 St·Amatusherk
443 2998 513 3066 dier
528 3001 614 3078 stad,
629 2999 856 3086 medegedeeld
873 3001 952 3066 door
963 3001 1024 3066 deu
1034 3001 1156 3086 jezuiet
1169 3003 1312 3082 Buzelin,

63 3125 168 3172 over
196 3101 258 3167 hat
274 3099 479 3184 verbrandeu
504 3124 567 3171 van
593 3105 659 3177 tien
676 3102 802 3170 ketters
820 3103 934 3193 aldaar
950 3105 981 3188 in
999 3105 1038 3170 de
1054 3106 1316 3192 tegenwoordig7

63 3206 164 3274 heid
193 3224 261 3271 van
283 3204 345 3270 den
372 3202 616 3291 aartsbisachop
640 3227 704 3272 van
728 3206 839 3273 Reims
862 3206 1051 3293 (Hendrik),
1078 3207 1139 3274 den
1165 3207 1314 3296 bisschop

62 3332 149 3378 van
166 3305 313 3374 Atrecht
330 3308 426 3386 Asso,
442 3309 504 3374 den
520 3308 672 3395 bissehop
685 3329 748 3375 van
762 3311 894 3376 Amicus
906 3310 1071 3388 Godfried,
1087 3309 1149 3376 deu
1166 3309 1314 3396 bissohop

64 3435 149 3481 van
173 3410 322 3476 Doornik
335 3412 478 3490 Walter,
494 3410 534 3477 de
548 3411 743 3478 Vlaamscha
759 3414 876 3499 gravin
888 3413 1037 3479 iohanne
1052 3433 1115 3478 van
1132 3413 1316 3481 Constanti-

64 3515 190 3603 nopel
208 3534 250 3579 en
263 3512 399 3580 broeder
411 3514 547 3592 bobert,
564 3515 767 3603 pauselijhen
783 3516 986 3602 inquisiteur.
1001 3554 1044 3564 —
1057 3517 1110 3584 Dit
1122 3518 1315 3602 geschiedde

65 3621 207 3689 buiten
241 3616 281 3682 de
311 3625 404 3701 poort
433 3639 499 3686 van
531 3617 678 3686 Oliveten
710 3640 750 3705 op
782 3619 845 3685 den
878 3621 1116 3706 lepruzenweg,
1151 3621 1202 3687 die
1234 3641 1315 3688 naar

67 3719 358 3793 Lambresleidt.

110 3947 156 4016 (1)
179 3944 280 3998 Frater
291 3943 436 4007 Robertus,
448 3945 496 4011 qui
507 3944 559 3999 hoc
570 3950 693 4014 tempore
703 3963 753 4013 per
765 3945 882 4000 Galliam
893 3946 1044 4001 haereticos
1055 3948 1239 4012 comburebat,
1252 3965 1315 4001 cum

67 4035 158 4088 meet
171 4026 220 4079 vir
234 4043 349 4095 magnae
361 4026 504 4094 religionis
520 4043 653 4094 apparens
671 4032 697 4080 et
717 4045 772 4081 nun
790 4028 915 4092 existens,
929 4029 1004 4081 circa
1020 4037 1126 4096 tempus
1137 4029 1230 4097 magni
1249 4030 1315 4082 Con·

65 4112 145 4170 citii
161 4109 331 4176 apostatavit
343 4117 503 4175 secutusque
512 4109 704 4163 mulierculam
713 4108 903 4162 Manichaeam
913 4110 1099 4166 Mediolanum
1111 4112 1179 4165 abiit
1191 4113 1315 4165 attactus

66 4203 118 4252 at
133 4193 177 4245 de
188 4194 265 4244 secta
275 4189 324 4243 illa
335 4191 451 4257 pessima
466 4209 515 4259 per
526 4209 611 4246 anuos
624 4190 734 4259 viginti,
745 4191 784 4245 ita
796 4193 867 4257 quod
880 4193 951 4246 inter
964 4211 1009 4247 eos
1024 4195 1077 4247 fuit
1089 4194 1312 4261 perfectissimus3

66 4278 128 4347 qui
142 4276 185 4327 de
198 4289 271 4327 novo
282 4272 442 4340 resipiscens
458 4276 492 4327 ad
505 4276 663 4329 mandatum
678 4291 762 4342 papae
774 4275 922 4341 permultos
934 4275 1085 4331 haereticos
1102 4276 1248 4329 denudavit
1266 4293 1315 4343 per

66 4363 176 4417 solam
191 4354 330 4422 loquelam
343 4360 370 4409 et
382 4372 431 4422 per
441 4356 512 4410 solos
528 4363 628 4425 gestus,
640 4374 708 4424 quos
722 4357 859 4410 habebant
871 4357 1011 4422 haeretici,
1025 4358 1242 4426 deprehendebat
1253 4376 1311 4412 eos.

67 4444 228 4517 (Alberici
244 4437 376 4491 monachi
392 4440 488 4492 Totum
501 4441 633 4493 Fontium
649 4439 808 4501 chronicon,
826 4440 990 4508 uitgegeven
1003 4443 1070 4495 door
1083 4442 1117 4495 G.
1135 4441 1165 4495 G.
1182 4441 1313 4505 Leibnitz,

67 4523 391 4602 inaijnedocesaiones
404 4521 634 4589 histortcce,deel
647 4524 748 4588 ll,blz.
764 4522 839 4591 560.)
1279 4589 1282 4593 1

1234 4611 1249 4660 7
