3194 5408
568 510 671 566 nnnc
687 498 774 575 1229,
793 511 869 566 1000
1293 513 1326 568 ns

65 664 154 723 nent,
180 660 266 714 salva
289 658 370 714 nobis
391 657 569 714 nihilominus
583 658 776 727 jurisdictione
797 664 889 714 nostra
905 664 933 714 et
953 664 1117 724 nostrornm,
1138 658 1221 713 salvis
1243 658 1326 715 etiam

65 745 230 808 sententiis
252 741 357 796 nostris
376 747 405 797 et
424 747 576 797 nostrorum
600 741 711 796 inflictis
728 747 754 796 ei
773 741 936 811 infligendis,
956 742 1147 797 conservandis
1158 749 1185 798 et
1202 745 1325 799 relaxan-

65 827 125 887 dis,
141 827 309 880 secundum
321 827 394 894 qnod
403 826 480 881 nobis
490 832 518 880 et
527 826 592 892 ipsis
597 828 703 893 justum
717 827 804 879 visum
817 827 908 881 fucrit.
923 826 1021 881 Sciatis
1036 827 1118 881 eiiam
1130 828 1202 894 qnod
1217 847 1324 884 omnem

67 908 326 978 libertatemque
346 912 466 979 gandent
487 910 572 968 nostri
590 911 712 979 religiosi
733 911 762 964 in
783 917 875 964 nostra
895 911 995 964 diocesi
1013 913 1055 965 vcl
1076 912 1196 979 gaudem
1216 913 1323 966 debent»

68 994 192 1047 illesam
215 998 248 1048 et
264 993 403 1062 integram
421 994 497 1047 vobis
513 994 638 1047 volumus
655 994 802 1047 observari.
825 993 1003 1061 Recipientur
1023 995 1121 1048 fratres
1138 1012 1205 1062 quos
1224 996 1259 1048 ad
1277 1012 1325 1048 nos

69 1076 311 1140 transmiseritis,
317 1077 369 1131 snb
378 1080 471 1132 nostra
479 1081 506 1131 et
514 1076 627 1133 ecclesie
637 1082 727 1130 nostre
737 1076 912 1144 protectione.
920 1076 1326 1144 inducemusetiamdiligentcr

70 1160 209 1214 subditos
223 1164 334 1214 nostros
346 1164 378 1214 ut
388 1159 519 1214 fratribus
528 1159 625 1213 vestris
635 1165 774 1226 tamquam
787 1159 951 1213 animalibus
960 1176 1043 1213 oncra
1053 1164 1145 1214 nostra
1153 1159 1324 1228 portantibus

71 1259 199 1297 manum
212 1241 393 1297 liberalitatis
409 1241 439 1295 in
451 1241 507 1296 suis
519 1241 723 1296 necessitatibus
733 1243 889 1297 extendant.

105 1325 222 1380 Datum
244 1325 320 1392 apud
337 1324 463 1389 Worem‚
473 1325 543 1379 feria
554 1325 673 1380 secunda
685 1328 750 1380 anto
766 1326 864 1380 sessum
877 1324 950 1380 baali
962 1324 1114 1389 Laurentii,
1128 1343 1202 1380 anno
1213 1323 1323 1379 Domini

71 1406 233 1463 millasimo
245 1407 433 1463 ducentesimo
443 1406 575 1476 vigesimo
587 1424 667 1461 nono.

355 1522 411 1578 ns,
428 1522 542 1579 Vandcn
560 1524 657 1588 Berch,
676 1525 841 1579 101123.-
858 1525 947 1580 Beeds
964 1524 993 1578 in
1003 1520 1196 1579 verscheidcns
1212 1524 1323 1579 werhen

387 1605 561 1676 uitgegeven,
574 1624 653 1661 maar
662 1612 719 1662 met
734 1607 817 1662 lichia
829 1607 1012 1676 wijzigingen.
1026 1608 1070 1672 (cf.
1084 1607 1224 1669 Wautcrs,
1240 1605 1323 1660 Table

388 1685 616 1758 chronolcqiqne,
639 1689 699 1743 deel
719 1689 766 1753 lv,
786 1690 836 1742 blz.
856 1691 908 1753 85.)
927 1719 961 1728 -
977 1690 1008 1743 ln
1030 1692 1094 1744 1232
1113 1694 1186 1744 mcci
1204 1688 1323 1742 deaclidc

387 1771 513 1840 bisschop
529 1788 596 1826 oenc
613 1777 673 1826 acte
689 1789 743 1824 van
754 1772 892 1826 dezclsden
907 1773 974 1825 nard
986 1771 1193 1840 nilgovaardigd
1204 1771 1320 1833 hebben,

384 1855 451 1908 daar
467 1854 614 1908 kannnnils
635 1854 749 1908 Vandon
767 1854 857 1908 Berch
877 1855 906 1907 in
926 1856 979 1920 zijn
995 1855 1167 1909 handscluist
1186 1855 1241 1919 (sol.
1265 1856 1321 1919 142)

382 1937 585 1992 aanteckendc:
600 1959 613 1980 u
629 1937 778 2005 Gregorius
794 1954 864 2005 papa
876 1937 1001 1992 rescribit
1016 1939 1051 1991 ad
1071 1955 1163 1991 ornnes
1182 1936 1319 2001 ccclesias,

383 2025 415 2074 ut
423 2021 521 2074 fratres
530 2020 716 2088 predicatores
726 2020 907 2074 admittantur
915 2021 949 2074 nd
961 2021 1114 2075 functiones
1125 2019 1321 2073 ecclesiasticas

384 2102 494 2170 ubique.
515 2103 614 2157 Datum
632 2102 810 2157 Laterancnsi
828 2107 895 2168 (sic),
906 2104 976 2171 prid.
990 2104 1026 2156 id.
1047 2103 1128 2168 Iunlj.
1147 2102 1320 2171 pontificatus

387 2203 458 2239 anno
477 2185 575 2252 primo.
587 2186 706 2239 loannes
724 2190 815 2240 autem
832 2186 973 2255 episcopus
985 2185 1139 2240 Lcodientis
1150 2185 1262 2239 mandat
1272 2202 1321 2253 per

382 2272 466 2322 totam
489 2285 565 2321 snam
586 2268 714 2322 diocesim
736 2272 767 2322 ut
786 2269 868 2334 inem
890 2269 1058 2336 recipiantur
1080 2273 1107 2322 ei
1128 2268 1317 2323 admittant-ur.

383 2354 482 2405 Actum
503 2367 575 2404 anno
592 2352 626 2403 ab
643 2351 838 2405 lncarnacione
856 2352 962 2405 Domini
982 2352 1033 2405 M0.
1053 2351 1117 2405 CC⁰.
1136 2353 1246 2416 xxxij‘10.
1262 2376 1274 2397 n
1286 2380 1320 2390 -

385 2434 442 2487 Den
459 2437 491 2488 31
511 2433 626 2487 danuam
645 2438 709 2487 1234
727 2435 777 2502 gas
794 2434 919 2502 hisschop
934 2435 987 2487 lan
1008 2435 1033 2488 II
1051 2452 1104 2488 van
1125 2434 1265 2502 Rumigny
1285 2435 1319 2488 dc

382 2516 516 2584 toclating
532 2533 585 2569 nan
602 2516 636 2570 de
653 2516 851 2584 predikheercn
868 2534 912 2570 om
928 2521 956 2571 ta
974 2518 1081 2571 Lcuven
1100 2534 1150 2570 een
1161 2516 1281 2571 klooster
1291 2520 1318 2572 ta

384 2597 510 2654 stichten.
523 2599 572 2664 (W
573 2604 673 2662 auters,
691 2599 774 2652 Tabia
785 2599 1008 2669 chronoloqique,
1020 2600 1081 2654 deel
1091 2600 1139 2664 IV,
1152 2599 1202 2653 blz.
1218 2600 1285 2664 190.)

664 2832 731 2904 76.

124 3046 233 3121 1229,
252 3039 442 3111 0000106610(
457 3046 638 3130 (1000004000
650 3043 708 3119 20,
724 3045 885 3111 Perusia.
902 3045 962 3111 Bul
980 3065 1043 3109 van
1059 3043 1237 3127 Gregorius
1249 3042 1311 3124 IX,

74 3148 212 3236 waarbij
233 3144 281 3235 hij
301 3147 341 3211 de
365 3146 553 3214 kettersche
569 3145 746 3223 catharon,
767 3149 959 3226 Patarinen,
979 3152 1101 3213 Armen
1120 3168 1182 3212 van
1208 3148 1310 3234 hyon,

75 3252 307 3328 Arnaldistem
326 3250 547 3336 Speronisten‚
564 3251 777 3334 passaginos,
795 3271 881 3329 enz.‚
897 3252 1011 3317 alsook
1028 3251 1141 3334 eenige
1158 3249 1199 3337 bij
1219 3271 1313 3316 name

74 3356 244 3422 vermelde
260 3355 402 3430 letters,
424 3359 490 3420 met
513 3354 624 3420 keizer
638 3354 795 3419 Frederik
814 3355 844 3419 Il
860 3377 920 3420 ann
939 3357 962 3420 ’t
978 3354 1089 3433 hoofd‚
1108 3355 1139 3418 in
1162 3353 1223 3418 den
1249 3352 1312 3419 ban

75 3459 137 3525 der
152 3461 245 3526 Kerk
259 3460 359 3526 slaat.
379 3459 749 3538 (Excommnnicamus
766 3465 796 3524 et
813 3460 1173 3543 anathematisamus).

346 3604 485 3657 Odoricus
504 3604 671 3672 Raynaldus,
695 3606 821 3658 40000100
838 3605 1024 3668 ecclesiastici,
1038 3606 1097 3658 deel
1110 3605 1185 3668 Xlll,
1200 3605 1312 3657 1010362

375 3704 410 3740 cn
429 3691 488 3749 363,
511 3687 545 3740 ad
565 3705 667 3741 annum
690 3691 793 3752 1229,§
810 3691 895 3741 37-41.
915 3688 1059 3752 (Potlhast,
1072 3689 1131 3742 dccl
1148 3688 1170 3750 1,
1184 3689 1234 3742 blz.
1253 3691 1310 3751 726,

376 3780 406 3822 nr
419 3771 505 3833 8445.)
516 3798 549 3808 -
560 3771 607 3824 Zie
618 3772 715 3826 verder
727 3789 775 3824 ons
787 3782 816 3824 nr
827 3774 868 3823 79.

659 4010 722 4079 77.

125 4217 230 4293 1230,
251 4214 341 4293 Juli,
370 4216 586 4303 Wittcnbery.
604 4218 1131 4284 111110610610110601000000600
1148 4221 1227 4285 door
1247 4221 1308 4285 den

74 4320 284 4386 Roomschen
303 4320 428 4405 koning
445 4319 592 4385 Hendrik
613 4329 676 4387 met
693 4321 732 4386 (10
747 4330 879 4387 vorsien
897 4323 953 4387 des
979 4324 1073 4410 Rijks
1090 4323 1309 4408 asgekondigd

74 4444 157 4488 over
181 4423 240 4489 het
268 4421 406 4488 straffen
432 4424 490 4488 der
514 4425 642 4489 ketters
667 4445 706 4488 en
734 4431 936 4490 tooveranrs.
965 4464 1006 4474 -
1025 4428 1069 4512 Zij
1095 4429 1201 4492 zullcn
1228 4448 1308 4492 naar

72 4526 297 4613 goeddnnken
316 4525 373 4591 des
391 4526 540 4594 rechters
556 4526 738 4616 behoorlijk
752 4528 892 4615 gestmft
909 4530 1055 4596 worden.
