3188 5408
569 515 669 570 ANNO
689 516 763 569 llll
1243 518 1292 569 271

65 676 128 715 0550
140 659 380 728 Patrisettempus
389 659 552 729 novaelegis
560 675 617 714 esse
626 659 691 713 Filii
700 662 785 727 etpro
793 673 867 712 nune
874 659 980 723 tempus
988 671 1044 709 esse
1056 653 1174 720 Spiritus
1186 653 1289 719 Sancti,

65 744 143 812 quod
159 742 255 796 dicunt
271 759 327 796 esse
343 747 447 810 tempus
460 742 563 806 Heliae,
577 759 631 809 quo
642 743 854 797 removebuntur
864 739 1024 806 scripturae,
1036 735 1076 790 ita
1087 739 1118 789 ut
1133 752 1204 802 quae
1215 736 1291 803 prius

66 831 200 892 tanquam
211 841 277 878 vera
293 825 470 887 habebantur,
479 826 538 892 jam
555 825 717 887 refutentur,
730 822 812 877 etiam
830 824 857 874 et
874 818 1008 873 catholice
1025 817 1158 880 doctrina,
1176 818 1248 873 sicut
1264 823 1292 873 et

66 907 220 961 catholicae
236 906 372 969 veritates,
384 924 453 973 quae
465 911 663 960 consueverunt
679 903 831 973 praedicari
847 904 881 957 de
898 905 1064 969 paupertate.
1078 899 1246 954 continentia
1261 906 1289 956 01

66 988 241 1053 obedientia3
263 1004 378 1055 quarum
398 988 531 1041 virtutum
557 987 719 1055 oppositum,
740 989 771 1039 ut
793 989 924 1046 asserunt,
945 987 985 1037 est
1007 982 1217 1050 praedicandum
1239 984 1292 1037 hoc

67 1074 191 1137 tempore
202 1068 320 1137 Spiritus
331 1068 433 1123 Sancti.
448 1069 500 1122 Hic
511 1069 573 1123 dico
588 1070 659 1138 quod
671 1069 738 1122 talia
749 1083 889 1134 nunquam
903 1063 995 1118 audivi
1008 1081 1057 1117 nec
1069 1065 1103 1117 ab
1115 1064 1231 1132 Aegidio
1242 1083 1292 1119 nec

68 1153 105 1206 ab
124 1151 195 1205 aliis.
217 1153 273 1204 Nec
293 1152 492 1218 approbassem‚
506 1152 529 1204 si
551 1151 723 1215 audivissem,
742 1167 805 1204 cum
824 1147 948 1215 implicat
966 1145 1216 1201 contradictionem.
1230 1146 1292 1200 Una

67 1233 143 1289 enim
154 1234 255 1288 veritas
266 1233 400 1287 catholica
411 1234 491 1288 alteri
503 1251 558 1288 non
569 1234 760 1288 centini-iatam.

103 1338 118 1360 ν
130 1314 198 1369 Item
208 1314 328 1369 delatum
339 1319 380 1370 est
390 1315 478 1370 eidem
490 1316 562 1383 quod
574 1315 704 1383 quicquid
715 1315 754 1370 eis
770 1312 919 1382 inspiratur
929 1328 976 1366 seu
988 1310 1023 1366 ad
1037 1312 1111 1366 intra
1122 1310 1289 1380 suggeritur,

67 1396 214 1450 aestimant
235 1397 307 1463 quod
329 1397 365 1451 sit
385 1415 402 1451 a
425 1397 529 1466 Spiritu
553 1398 662 1452 Sancto.
687 1397 766 1451 Unde
788 1397 902 1450 multum
926 1395 1002 1448 latua
1017 1393 1187 1461 saepedictus
1203 1392 1290 1447 laicus

68 1479 177 1547 saepius
195 1479 347 1534 attentavit.
360 1481 431 1533 Nam
450 1485 560 1547 proptor
577 1481 713 1547 quandam
732 1481 832 1533 factam
852 1477 903 1531 sibi
922 1476 1128 1544 inspirationem
1148 1475 1199 1530 ivit
1217 1480 1290 1531 totus

68 1563 159 1616 nudus
169 1563 286 1630 quadam
296 1562 356 1616 vice
373 1578 422 1630 per
437 1563 547 1631 longam
564 1562 637 1617 viam
657 1567 767 1630 portans
785 1577 866 1628 super
882 1564 964 1627 caput
980 1576 1057 1613 suam
1074 1559 1214 1612 scutellam
1226 1575 1288 1612 cum

67 1646 197 1700 carnibus
214 1647 387 1700 deferendam
403 1646 512 1700 crudam
529 1646 651 1714 pauperi.
666 1646 717 1699 Hic
733 1646 796 1698 dico
813 1646 884 1712 quod
904 1645 985 1697 credo
1001 1643 1053 1696 hoc
1071 1643 1129 1696 fore
1146 1658 1241 1696 verum
1257 1641 1291 1695 de

67 1729 194 1797 aegidio,
208 1728 273 1796 quia
281 1745 330 1796 per
341 1729 443 1782 nullius
454 1729 673 1783 informationem
685 1730 787 1782 fatetur
796 1745 824 1780 se
836 1744 892 1780 esse
903 1727 1054 1793 deceptum.

103 1839 116 1860 n
128 1814 197 1869 Item
213 1814 333 1868 delatum
344 1817 385 1867 est
400 1813 510 1867 domino
522 1811 710 1867 Cameracensi
727 1812 799 1879 quod
816 1810 952 1864 mirantur
962 1809 1034 1877 quod
1046 1807 1144 1874 aliquis
1155 1824 1184 1861 50
1199 1806 1290 1876 signat

66 1896 148 1964 signo
159 1899 268 1949 sanctae
285 1894 374 1948 0111015
390 1899 526 1962 petentes:
540 1894 611 1948 115115
623 1911 670 1948 105
681 1894 770 1947 adhuc
782 1890 998 1946 benedicendust
1017 1890 1069 1943 Hic
1080 1889 1142 1944 dieo
1154 1890 1226 1957 quod
1236 1890 1289 1944 hoc

66 1977 162 2030 audivi
174 1994 191 2029 a
202 1977 259 2030 solo
270 1976 387 2044 aegidio
398 1981 518 2043 tempore
530 1975 675 2044 praeterito
686 1980 713 2030 01
725 1991 779 2028 non
791 1974 825 2026 ab
836 1973 899 2026 alio.

99 2085 113 2105 κ
133 2060 203 2113 Item
213 2060 332 2113 delatum
344 2063 384 2113 est
394 2059 504 2113 domino
523 2057 710 2112 cameracensi
727 2057 762 2110 ad
779 2055 972 2123 quaestionem,
985 2072 1039 2122 qua
1050 2053 1192 2122 qliaeritur
1203 2054 1237 2107 ab
1249 2053 1288 2109 eis

65 2143 135 2211 quid
147 2144 348 2209 responderent,
361 2142 384 2194 si
401 2141 440 2195 eis
460 2141 664 2208 imponerentur
680 2139 852 2193 credulitates
863 2137 1082 2205 supradictorum
1098 2137 1287 2202 articulorum,

64 2227 263 2294 responderent
279 2225 351 2291 quod
369 2228 508 2293 negarent.
523 2223 575 2276 Hic
591 2223 653 2276 dico
673 2222 744 2290 quod
765 2221 812 2289 qui
829 2221 900 2274 male
919 2220 986 2288 agit,
1000 2219 1058 2273 odit
1077 2219 1166 2273 lucem
1188 2223 1216 2273 et
1234 2236 1289 2273 non

64 2307 190 2361 venitad
201 2307 299 2359 lucem.
319 2305 354 2359 Et
370 2322 419 2372 per
440 2322 605 2372 covisequens
624 2321 674 2372 per
691 2305 773 2359 talem
796 2302 997 2370 responsionem
1018 2303 1163 2356 ostendunt
1185 2320 1213 2357 50
1232 2321 1289 2358 0550

62 2390 158 2450 falsos,
173 2387 196 2440 si
207 2391 247 2441 051
257 2386 304 2450 ita,
318 2386 389 2453 quod
400 2392 491 2440 tamen
503 2386 609 2454 ignoro.

97 2495 112 2517 ιι
132 2470 201 2523 item
212 2473 402 2536 persuaserunt
413 2468 561 2523 imitatores
573 2468 727 2536 praedictae
737 2471 826 2522 sectae
842 2471 870 2522 et
886 2466 1031 2534 praecipue
1041 2467 1169 2523 mulieres
1189 2471 1286 2539 aliqui·

61 2554 116 2605 bus
129 2549 222 2618 probis
233 2550 299 2603 viris
311 2551 382 2617 quod
392 2551 426 2604 de
437 2555 527 2604 001010
544 2567 594 2604 uec
612 2550 720 2617 publice
740 2567 790 2603 nec
807 2550 911 2603 occulte
929 2550 1117 2617 praedicarent
1136 2553 1287 2607 castitatem

58 2637 114 2686 aut
126 2631 312 2698 virginitatem
325 2648 375 2684 nec
391 2631 641 2685 recommendarent
658 2630 862 2693 continentiam,
874 2635 1022 2685 asserentes
1039 2631 1143 2685 nullam
1160 2650 1216 2686 esse
1234 2633 1287 2688 vir·
1346 2631 1351 2644 “

59 2715 172 2782 ginem,
186 2731 240 2766 una
253 2717 358 2767 tantum
367 2714 484 2779 dempta,
499 2729 580 2780 quam
591 2712 688 2766 (110111
698 2729 755 2767 0550
772 2712 941 2780 sapientiam.
955 2712 1029 2767 Istud
1046 2731 1101 2767 non
1117 2714 1242 2782 pervenit
1256 2717 1291 2771 ad

58 2813 148 2849 aures
157 2812 231 2847 meas
239 2797 269 2848 in
280 2795 402 2850 veritate.

99 2902 113 2923 n
133 2878 203 2931 Item
213 2878 333 2931 delatum
342 2882 383 2932 est
394 2877 504 2931 damino
515 2895 576 2931 meo
588 2877 777 2931 cameracensi
789 2878 861 2945 quod
872 2878 906 2931 de
918 2879 1077 2947 purgatorio
1085 2883 1149 2934 sunt
1159 2881 1291 2935 contrarii

58 2959 207 3022 ecclesiae,
220 2959 346 3013 similiter
357 2960 390 3013 de
401 2958 518 3023 inferno,
531 2966 558 3014 et
575 2960 677 3014 habent
694 2961 828 3027 quendam
845 2961 1011 3028 singularem
1023 2963 1134 3016 modum
1150 2966 1178 3016 et
1196 2964 1290 3017 fictum

59 3041 196 3109 loquendi
207 3042 240 3094 de
258 3042 306 3095 illa
322 3042 445 3096 materia.
461 3041 513 3095 Hic
531 3042 593 3095 dico
615 3043 687 3108 quod
704 3042 733 3095 in
750 3043 803 3096 ista
821 3042 936 3096 materia
953 3060 1003 3097 nec
1013 3042 1098 3097 alium
1109 3045 1219 3098 modum
1240 3063 1290 3099 nec

59 3127 155 3179 aliurn
167 3142 273 3178 sensum
285 3142 366 3192 quam
378 3126 488 3178 modum
500 3129 527 3179 01
538 3142 646 3179 sensum
657 3142 751 3178 sacrae
762 3124 912 3192 scripturae
929 3126 1016 3179 habeo
1036 3143 1086 3180 nec
1103 3127 1204 3181 habere
1218 3129 1288 3182 volo.

60 3209 97 3263 In
111 3207 156 3260 his
168 3207 292 3260 omnibus
303 3225 346 3261 me
357 3207 486 3261 submitto
498 3207 533 3261 ad
544 3206 739 3261 correctionem
751 3211 778 3261 01
789 3207 965 3262 directionem
976 3208 1193 3262 reverendissimi
1205 3210 1290 3277 patris

59 3290 95 3344 in
109 3287 218 3342 Christo
230 3289 333 3342 domini
346 3288 396 3341 Dei
408 3287 500 3356 gratia
513 3289 714 3342 Cameracensis
725 3289 851 3356 episcopi.
868 3313 879 3334 n

99 3371 307 3426 Sententialiter
318 3372 348 3424 in
360 3371 395 3424 iis
410 3371 519 3438 scriptis
531 3371 750 3424 condemnamus.
764 3371 866 3425 Verum
883 3388 965 3438 super
983 3370 1044 3424 aliis
1064 3371 1292 3440 propositionibus

60 3456 121 3511 tibi
140 3455 279 3521 impositis,
292 3472 328 3507 an
340 3455 448 3507 eosdem
460 3454 684 3522 dogmatizaveris
695 3454 781 3516 velne,
794 3454 935 3507 veritatem
952 3454 1110 3522 diligentius
1124 3457 1289 3522 perscrutari

61 3537 192 3599 fecimus,
205 3536 383 3589 denuntiante
395 3536 475 3588 fama.
488 3537 523 3589 Et
533 3536 598 3589 licet
606 3541 701 3589 contra
712 3540 739 3588 te
751 3552 831 3602 super
842 3535 894 3588 hoc
903 3536 1006 3588 clamor
1014 3537 1139 3603 famaque
1147 3537 1291 3592 vehemens

63 3637 125 3675 non
134 3620 242 3686 quidem
251 3620 284 3672 de
293 3619 441 3681 malevolis
448 3619 494 3671 sed
503 3636 520 3670 a
530 3617 648 3685 providis
658 3623 685 3671 et
694 3617 813 3672 honestis
821 3617 976 3681 invaluerit,
985 3635 1039 3671 non
1048 3623 1138 3673 tamen
1148 3638 1229 3688 super
1237 3621 1291 3674 hiis

62 3701 219 3771 plenariam
232 3699 417 3767 probationem
429 3699 597 3767 attingimus.
611 3700 716 3753 Idcirco
728 3703 759 3754 ut
767 3700 806 3753 ibi
815 3700 1004 3768 purgationem
1014 3701 1129 3768 recipias
1137 3703 1185 3756 ubi
1198 3721 1288 3759 nosce·

61 3786 109 3840 ris
119 3784 281 3847 diffamatus,
294 3788 321 3836 te
332 3800 413 3849 super
424 3781 480 3835 illis
495 3781 731 3848 propositionibus,
742 3800 857 3849 quarum
869 3787 948 3836 tenor
958 3784 1081 3850 sequitur
1091 3790 1118 3839 et
1130 3789 1169 3839 051
1180 3786 1257 3840 talis:

103 3868 259 3935 Sequuntur
271 3868 476 3934 propositiones
489 3864 588 3930 salsae,
610 3881 742 3918 erroneae
759 3873 783 3916 et
800 3863 962 3928 baereticae,
976 3882 1106 3935 01105090
1119 3869 1208 3935 frater
1227 3869 1291 3922 wil

63 3950 178 4002 helmus
181 3948 361 4016 judicialiter
369 3947 500 4014 abjurari
512 3955 536 3999 et
552 3945 645 3999 adhue
656 3948 763 4014 abjuro,
778 3948 923 4015 dequibus
935 3951 1067 4014 imposita
1079 3958 1116 4001 051
1128 3950 1201 4002 mibi
1212 3969 1292 4005 cano·

65 4036 135 4086 nica
145 4035 284 4100 purgatio,
299 4033 365 4099 quia
376 4047 460 4098 super
472 4033 508 4081 115
521 4037 618 4082 contra
630 4047 673 4082 me
684 4033 739 4097 suit
750 4032 828 4097 fama
835 4030 950 4099 publica
962 4031 1140 4085 01001001οη5
1152 4039 1292 4103 euspicio:

103 4135 116 4156 κ
131 4114 232 4168 Prima.
243 4115 321 4177 Quod
334 4116 442 4182 expedit
453 4115 548 4169 multis
559 4132 671 4182 peccare
680 4120 791 4183 propter
801 4115 968 4169 occasionem
980 4115 1162 4183 dispositionis
1170 4119 1205 4172 ad
1213 4121 1291 4174 bene·

64 4197 208 4267 placitum.

105 4305 117 4324 n
131 4280 263 4333 Secunda.
279 4282 357 4344 Quod
369 4285 445 4334 actus
464 4280 579 4335 coeundi
591 4280 753 4335 naturaliter
769 4280 861 4335 attali
880 4280 1030 4336 intentione
1040 4288 1129 4350 posset
1144 4283 1204 4338 fieri
1221 4285 1293 4352 quod

64 4363 173 4415 valeret
182 4366 286 4415 tantum
299 4363 370 4416 sicut
382 4362 470 4417 oratio
482 4380 573 4416 coram
586 4363 650 4416 Deo.

104 4467 117 4490 n
133 4443 234 4497 Tertia.
249 4444 412 4512 Quicunque
431 4461 493 4498 cum
505 4446 581 4499 cultu
593 4463 705 4514 operum
721 4447 901 4513 poenitentiae
913 4450 1072 4518 J'ejunando,
1086 4447 1188 4502 orando
1204 4452 1232 4503 et
1247 4449 1293 4502 ab·

70 4525 220 4580 strabendo
230 4527 302 4593 quod
313 4531 426 4582 naturae
434 4527 593 4582 delectabile
600 4532 649 4591 et,
660 4528 724 4583 licet
731 4528 761 4582 in
769 4529 822 4584 hon
829 4547 857 4584 se
865 4531 1018 4595 mortificet,
1026 4535 1117 4586 1011101
1126 4547 1181 4584 non
1188 4530 1294 4604 indiget
