3194 5408
605 481 707 536 ANNO
726 484 801 536 1213
1287 481 1320 533 65

81 621 126 712 bij
140 623 183 689 de
199 622 486 702 licbaamsdeelen,
521 622 583 690 661
599 621 643 712 bij
661 623 702 689 de
729 623 925 709 geheimste,
945 643 1010 689 van
1027 621 1178 690 Christus
1196 642 1237 688 en
1252 642 1317 688 van

78 725 123 792 de
138 727 301 814 heiligen.
321 764 365 776 -
382 727 426 793 lle
442 746 523 811 paus
541 733 630 812 negt,
649 725 705 795 dat
721 727 767 815 hij
786 746 866 793 voor
881 727 905 793 ’t
921 725 1113 812 koninkrijk
1137 726 1319 813 Frankrijk

79 851 167 897 eene
183 829 373 919 bijzondere
384 828 480 896 liefde
496 829 656 912 koestert,
676 829 788 897 omdat
799 830 856 897 het
870 829 941 896 zich
955 829 1049 917 altijd
1063 828 1321 897 onderscheidde

80 933 167 1000 door
193 933 282 1023 ziJ'ne
297 933 593 1021 gehoorzaamheid
608 954 672 1000 ean
701 933 764 1000 den
789 935 831 1001 H.
858 933 958 1000 Stoel.
979 932 1150 1000 Nochtans
1166 932 1258 1000 heeft
1272 932 1318 1020 hij

79 1056 280 1118 66666666,
299 1037 356 1104 161
372 1037 469 1103 66166
485 1038 519 1103 16
535 1038 593 1104 het
609 1036 829 1104 aartsbisdom
847 1038 958 1103 Reims
985 1035 1025 1102 de
1051 1042 1225 1122 gewoonte
1242 1035 1321 1102 heb·

81 1139 149 1207 ben
177 1141 228 1210 uit
245 1141 440 1228 gramschap
468 1140 506 1207 61
516 1140 786 1227 lichtzinnigheid
816 1139 860 1228 bij
880 1140 920 1207 de
947 1139 1130 1227 gebeimste
1147 1141 1320 1206 lichaams·

80 1244 205 1311 (166166
217 1264 283 1311 666
299 1243 449 1311 Christus
461 1264 502 1310 66
515 1265 580 1311 666
594 1244 634 1311 16
645 1244 789 1331 heiligen
805 1249 840 1311 te
852 1245 1004 1313 6166166.
1023 1244 1068 1310 De
1082 1243 1320 1331 kerkprelaten

81 1356 221 1416 moeten
236 1347 334 1415 aulke
349 1347 595 1435 godslastering
610 1347 727 1435 ijverig
738 1352 772 1416 16
789 1347 870 1415 1666
882 1369 979 1435 gaen.

378 1535 507 1590 Remcnsi
518 1535 722 1604 archiepiscopo
733 1540 761 1591 61
772 1535 952 1604 suffraganeis
963 1537 1032 1605 ejus.

118 1651 181 1706 Etsi
197 1652 365 1719 apostolatus
384 1653 504 1707 officium
527 1670 576 1708 666
596 1653 730 1708 universis
750 1654 899 1708 6666111661
920 1653 1056 1707 debitores
1077 1653 1105 1704 61
1132 1665 1199 1717 erga
1226 1664 1319 1702 omnes

82 1737 235 1801 pateram
261 1736 388 1790 allectum
414 1753 510 1804 gerere
532 1741 686 1801 teneamur,
711 1754 827 1806 regnum
851 1741 941 1791 lamen
966 1734 1101 1790 Franciae
1128 1732 1320 1800 praerogativa

83 1816 209 1883 quadam
224 1817 367 1886 diligimus
383 1817 515 1881 caritatis,
529 1822 621 1886 utpote
639 1819 712 1885 6661
729 1835 794 1887 prae
812 1817 909 1872 ceteris
927 1817 1022 1871 mundi
1043 1816 1136 1884 regnis
1155 1815 1320 1884 apostolicae

84 1894 146 1947 aedi
157 1912 192 1948 ac
210 1896 288 1950 nobis
304 1900 493 1968 obsequiosum
507 1919 613 1970 semper
628 1901 719 1956 extitit
734 1906 762 1955 61
778 1903 924 1967 16661661;
942 1900 1058 1967 ideoque
1075 1901 1110 1953 ab
1128 1900 1222 1954 eodem
1235 1914 1320 1966 regno

85 1978 247 2044 specialiter
263 1982 389 2037 61666661
408 1984 534 2052 cupimus
551 1985 679 2038 scandala
696 1984 917 2050 universaquae
935 1989 1032 2037 contra
1049 1982 1118 2036 illud
1135 1982 1244 2036 (1161666
1261 1998 1319 2048 pos·

84 2064 150 2114 sent
160 2063 311 2130 majestatis
320 2066 415 2119 oculos
425 2082 582 2133 provocare.
596 2067 734 2121 Noveritis
751 2072 843 2121 autem
860 2069 895 2120 ad
913 2071 1033 2120 nostram
1045 2065 1215 2120 audientiam
1227 2082 1319 2132 perve-

85 2144 172 2207 nisse,
184 2146 257 2212 6661
273 2148 393 2214 ejusdem
411 2147 490 2216 regni
512 2147 635 2203 homines
655 2148 732 2216 qnasi
752 2166 785 2202 ex
804 2148 1000 2202 consuetudine
1019 2147 1141 2216 generali
1164 2148 1321 2214 frequenter

85 2245 122 2281 ex
143 2227 187 2281 ira
206 2228 386 2283 61161661616
406 2231 491 2284 animi
512 2231 621 2285 levitate
641 2231 804 2298 quibusdam
824 2235 941 2284 utuntur
960 2230 1083 2283 nefandis
1104 2234 1131 2284 61
1141 2229 1320 2283 horribilibus

78 2310 268 2378 juramentis,
281 2322 309 2365 et
325 2330 387 2366 cum
399 2313 500 2367 veritas
510 2313 606 2367 doceat
622 2330 672 2380 666
688 2330 716 2367 se
733 2313 819 2380 ipsam
832 2329 888 2366 666
902 2329 959 2367 csse
973 2313 1124 2381 jurandum
1142 2329 1191 2379 per
1206 2316 1317 2376 terram,

84 2394 156 2462 quia
167 2396 316 2449 scabellum
323 2402 363 2450 est
374 2398 473 2464 pedum
486 2397 544 2461 Dei,
558 2396 610 2465 ipsi
629 2414 682 2450 non
694 2398 782 2451 solum
794 2415 843 2464 per
859 2396 967 2450 1161666
979 2397 1058 2463 pedes
1075 2399 1103 2449 61
1119 2412 1215 2449 manus
1222 2398 1319 2463 jurare

84 2493 145 2530 666
156 2480 290 2541 61616661,
309 2494 404 2533 verum
423 2480 507 2533 etiam
526 2478 612 2546 ipsius
630 2478 731 2533 Christi
748 2483 776 2532 61
795 2483 951 2532 6666166616
964 2479 1023 2545 ejus
1039 2477 1186 2531 secretiora
1197 2479 1319 2532 membra

82 2560 188 2627 lingua
207 2559 340 2629 sacrilega
360 2565 569 2628 perscrutantes,
590 2578 623 2614 ea
643 2577 697 2614 non
717 2561 866 2614 formidant
886 2559 1011 2614 intonare
1027 2559 1158 2628 jurando,
1179 2575 1250 2625 quae
1270 2576 1319 2613 nos

85 2640 234 2695 scribendo
253 2659 347 2695 sumus
363 2642 444 2696 veriti
464 2642 614 2696 nominare.
629 2642 697 2696 Cum
717 2642 805 2711 igitur
824 2640 894 2694 sacri
916 2641 1081 2694 666666616
1101 2645 1319 2709 praesumptores

82 2724 247 2791 hujusmodi
264 2726 430 2780 constituant
447 2742 543 2793 graves
560 2740 669 2792 666666,
683 2730 710 2778 61
726 2722 1125 2792 6616666666111116161666,661
1143 2723 1212 2777 haee
1228 2739 1317 2776 emen·

81 2807 156 2860 dare
173 2806 327 2875 negligunt,
345 2811 466 2861 asserant
484 2807 617 2860 acerrime
636 2803 1010 2874 66666616616616661161661
1023 2808 1141 2857 vestram
1153 2805 1316 2858 monendam

81 2887 218 2941 duximus
228 2888 358 2942 attentius
370 2892 396 2942 et
412 2888 584 2951 hortandam,
597 2905 646 2955 per
661 2886 809 2954 6666161166
827 2884 903 2938 66116
921 2884 1023 2952 6661616
1035 2884 1227 2951 praecipiendo
1245 2901 1317 2937 man-

79 2971 184 3023 dantes
200 2974 333 3036 quatenus
349 2968 464 3022 subditis
484 2969 589 3031 vestris,
611 2975 642 3021 61
660 2969 695 3021 ab
712 2965 867 3036 hujusmodi
887 2966 1038 3019 tomeritate
1058 2966 1197 3029 desistant,
1217 2966 1318 3020 curetis

79 3052 239 3107 districtius
250 3053 374 3106 inhibere
386 3056 413 3105 et
429 3051 638 3105 inhibitionibus
655 3049 879 3103 6616161661166661
902 3050 1024 3102 6116616
1048 3064 1144 3101 eorum
1161 3064 1317 3115 praesump-

79 3135 190 3188 tionem
204 3133 295 3186 taliter
305 3133 459 3201 corrigatis
470 3133 542 3200 6661
553 3132 639 3186 divini
652 3131 769 3184 nominis
779 3132 851 3185 zelus
864 3148 909 3184 666
922 3138 1035 3199 tangore
1047 3129 1173 3183 videatur
1184 3135 1211 3183 61
1222 3147 1317 3183 eorum

78 3216 251 3271 temeritatis
266 3215 386 3269 divinam
403 3219 498 3268 666166
515 3214 586 3281 ipsos
603 3219 630 3267 61
646 3230 761 3280 regnum
780 3214 931 3279 6666161661
950 3230 1004 3265 6611
1025 3215 1153 3278 66666661
1174 3211 1314 3264 ultionem.

79 3298 144 3352 Vos
153 3298 281 3364 16111666,
295 3298 391 3351 fratres
403 3295 606 3362 archiepiscope
618 3300 644 3348 61
656 3293 784 3361 episcopi,
798 3311 879 3360 66666
890 3294 967 3347 robis
980 3293 1108 3360 16616616.

119 3381 223 3433 Damam
236 3379 373 3443 Laterani,
386 3379 411 3432 II
424 3377 485 3432 idus
496 3377 598 3442 Mertij,
609 3376 783 3443 pontificatus
796 3374 880 3428 nostri
892 3393 964 3428 6666
975 3375 1080 3429 decimo
1093 3380 1177 3428 sext0.

350 3495 458 3556 Beluae,
482 3493 674 3561 Epr'slolarum
699 3493 856 3545 1666666111
875 3492 920 3544 III
942 3492 1010 3543 libri
1034 3493 1177 3556 undecim,
1200 3492 1260 3546 1661
1281 3492 1317 3556 II,

384 3577 435 3629 blz.
450 3579 507 3629 735.
521 3574 771 3639 (Ρ61111661,16611,
785 3573 835 3627 blz.
850 3577 906 3636 405,
921 3576 1046 3638 614678.)

674 3757 737 3831 67.

134 3956 244 4037 1213,
276 3956 350 4021 lali
395 3957 451 4034 12,
486 3955 595 4041 11666.
623 3953 808 4019 [1111661661
841 3955 888 4020 611
920 3953 959 4019 16
1001 3953 1122 4020 belofte
1160 3976 1225 4020 666
1256 3954 1318 4021 166

77 4061 295 4129 Roomschen
318 4059 444 4144 koping
459 4058 620 4123 Frederik
644 4057 796 4123 1166166
818 4058 896 4123 6616
921 4080 982 4124 666
1007 4079 1085 4143 6666
1104 4059 1318 4125 Innocentius

76 4166 132 4232 111
145 4164 275 4250 gedaan
292 4184 370 4229 6666
385 4163 442 4229 het
456 4162 616 4228 uitroeien
630 4161 689 4226 der
706 4160 854 4247 ketterij.

115 4335 280 4390 Promisaio
291 4335 451 4388 Innocentio
462 4333 511 4386 ΙΙΙ
515 4348 617 4400 papae.

114 4418 150 4474 In
163 4417 275 4472 nomine
286 4423 396 4472 sanctae
405 4421 432 4471 61
443 4415 601 4470 individuae
614 4412 767 4468 Trinitatis.
785 4413 948 4469 Frcdcricus
960 4417 1102 4481 secundus,
1111 4416 1204 4471 divina
1213 4417 1318 4468 favente

74 4502 232 4561 clementia
241 4501 430 4557 Romanorum
441 4517 490 4555 rex
501 4515 608 4566 semper
616 4502 750 4567 augustus
759 4502 787 4552 61
800 4515 849 4552 rex
863 4498 1022 4567 syciliae...

1204 4619 1220 4668 i>
