3194 5408
706 486 807 541 ANNO
826 488 901 541 1184
1383 492 1415 542 55

189 623 272 678 bonis
286 626 477 683 damnatorum
494 627 613 682 ecclesiis
631 628 728 696 quibus
744 628 940 693 deserviebant,
951 629 1097 683 seeundum
1110 629 1261 683 sanctiones
1277 630 1413 698 legitimas

189 707 371 774 applicandis.
764 734 767 743 ·

225 788 299 844 Sane
311 791 475 858 praedictam
483 793 797 855 excommunicationem,
809 794 854 847 cui
868 812 960 847 omnes
969 794 1092 862 cupimus
1102 795 1253 849 tiaeratieos
1262 797 1411 864 subjacere,

192 871 228 931 ab
249 875 374 929 omnibus
390 877 560 943 patriarchis,
583 878 801 946 archiepiscopis,
820 879 951 946 episcopis
969 879 997 932 in
1016 878 1167 946 praecipuis
1180 877 1370 932 festivitatibus
1387 882 1414 932 et

194 955 303 1019 qiioties
318 957 488 1012 solennitates
498 959 652 1021 habuerint,
663 961 705 1012 rel
726 960 847 1026 utralibet
863 961 1012 1023 occasione,
1026 962 1059 1013 ad
1079 961 1195 1027 gloriam
1214 960 1262 1014 Dei
1281 965 1307 1014 et
1324 978 1413 1028 repre·

196 1033 353 1093 hensionem
373 1039 524 1093 haereticae
546 1041 700 1107 pravitatis,
725 1043 894 1096 decernimus
917 1042 1055 1103 innovari,
1080 1042 1246 1095 authoritate
1265 1043 1413 1108 apostolica

199 1120 352 1183 statuentes,
364 1126 394 1175 ut
403 1120 425 1173 si
437 1123 542 1188 eiusde
554 1123 649 1176 ordine
660 1124 847 1191 episcoporum
865 1125 1005 1192 negligens
1023 1126 1051 1177 in
1063 1124 1106 1176 his
1117 1124 1200 1178 fuerit
1210 1125 1252 1176 vel
1264 1124 1412 1177 desidiosus

202 1196 527 1269 inventuspertricnnale
535 1204 652 1271 spatium
661 1207 696 1259 ab
705 1205 851 1273 episcopali
861 1206 993 1260 habeatur
1001 1205 1134 1274 dignitate
1143 1209 1170 1259 et
1178 1204 1412 1261 administratione

204 1296 350 1349 suspensus.
1438 1288 1444 1301 '

240 1365 283 1418 Ad
292 1365 351 1421 haee
361 1367 391 1420 de
401 1363 547 1433 episcopali
565 1365 678 1418 consilio
690 1371 718 1420 et
728 1366 901 1434 suggestione
915 1365 1043 1420 culminis
1054 1364 1203 1433 imperialis
1214 1369 1241 1419 et
1258 1365 1411 1434 principum

208 1445 268 1511 ejus
283 1448 423 1519 adJ'ecimus,
443 1453 473 1502 ut
489 1447 605 1515 quilibet
624 1448 843 1516 archiepiscopus
855 1450 896 1501 vel
914 1450 1054 1516 episeopus
1074 1466 1123 1516 per
1142 1467 1170 1503 se
1186 1452 1230 1504 vol
1246 1450 1413 1509 archidiaco-

212 1541 278 1582 num
292 1547 359 1584 sium
378 1537 424 1586 aut
440 1549 489 1600 por
507 1531 578 1584 alias
594 1530 719 1585 honestas
736 1531 900 1599 idoneasque
922 1550 1050 1600 personas
1073 1532 1114 1586 bis
1134 1535 1177 1587 vel
1193 1535 1275 1588 semel
1296 1534 1325 1589 in
1343 1553 1415 1590 anno

215 1611 396 1676 moabiamin
404 1631 458 1681 qua
467 1616 541 1667 fama
549 1612 633 1666 fuerit
643 1613 794 1667 haereticos
803 1613 936 1676 habitare,
945 1613 1108 1681 circumeat3
1119 1619 1146 1670 et
1157 1615 1195 1669 ibi
1208 1619 1263 1670 tres
1271 1617 1314 1670 rel
1323 1617 1414 1684 pluras

220 1687 281 1745 boat
289 1693 415 1748 mtimonii
426 1695 500 1750 viros
511 1694 657 1758 ueletiam,
670 1695 693 1748 si
704 1695 832 1764 expedire
842 1694 989 1759 videbitur,
1002 1699 1087 1750 totam
1098 1696 1227 1752 viciniam
1232 1699 1330 1766 jurare
1340 1717 1411 1753 com·

228 1772 305 1837 pellet,
314 1775 404 1843 quodsi
415 1776 477 1843 quis
494 1777 594 1832 ibidem
612 1777 761 1832 haereticos
780 1776 890 1831 sciverit
909 1777 952 1830 vel
972 1775 1077 1845 aliquos
1099 1780 1205 1833 occulta
1225 1780 1414 1835 conventicula

231 1853 363 1913 celebrantes
377 1877 422 1913 seu
445 1877 463 1912 a
482 1858 619 1913 communi
637 1859 839 1912 conversatione
850 1858 971 1913 fidelium
988 1860 1045 1913 vita
1061 1864 1089 1913 ct
1106 1859 1227 1915 moribus
1245 1861 1411 1926 dissidentes,

141 1954 148 1975 2⁴
234 1939 427 2008 ensepiseaporel
437 1941 632 1995 archidiacono
644 1941 751 1994 studeat
768 1941 898 1994 indicare.
913 1941 1062 2009 Episcopus
1073 1946 1164 1997 autem
1185 1945 1411 1999 seu-archidiaco-

237 2033 275 2070 nes
286 2021 312 2074 ed
323 2024 490 2090 praesentiam
507 2042 584 2077 suam
605 2028 734 2077 convocet
750 2028 907 2090 accusatos3
931 2025 978 2092 qni
995 2024 1048 2077 nisi
1066 2042 1094 2078 so
1110 2025 1145 2078 ad
1162 2042 1257 2079 eorum
1268 2025 1413 2080 arbitrium

141 2106 146 2111 ’
238 2098 293 2162 lulla
300 2103 384 2169 patriae
392 2104 614 2159 consuetudinem
623 2105 658 2157 ab
671 2105 777 2172 objecto
789 2108 866 2158 reatu
879 2104 1058 2174 purgaverint
1067 2105 1109 2159 vel
1121 2105 1144 2158 si
1157 2111 1216 2173 post
1224 2106 1414 2175 purgationem

141 2214 148 2221 -
240 2181 347 2242 exhibitam
357 2189 382 2242 in
394 2187 536 2256 pristinam
548 2185 652 2239 fuerint
663 2185 761 2253 relapsi
774 2187 926 2253 perfidiam,
939 2187 1127 2254 episcoporum
1134 2187 1240 2258 judicio
1252 2188 1367 2256 puniant
1404 2231 1410 2242 .

242 2259 262 2312 Si
273 2266 306 2330 qui
320 2286 372 2324 reno
387 2288 421 2325 ex
442 2270 482 2322 eis
497 2268 666 2337 jurationem
682 2268 873 2335 superstitione
893 2268 1044 2322 damnabili
1064 2274 1220 2337 respuentes
1226 2273 1323 2338 jurare
1334 2272 1412 2326 'forte

242 2345 344 2415 abunt,
355 2371 384 2408 ex
401 2352 454 2408 hoc
473 2352 532 2421 ipso
548 2352 679 2407 haeretici
691 2352 851 2420 judicentur
868 2355 896 2405 et
912 2351 1005 2419 poenis
1021 2369 1091 2421 quae
1108 2353 1327 2420 praenominatae
1338 2358 1408 2418 sunt,

242 2430 384 2491 epebuua

262 2507 375 2572 Stetimus
385 2517 506 2584 insuper,
519 2520 550 2569 ut
562 2515 682 2579 comites,
695 2517 819 2578 barones,
829 2520 955 2579 rectores,
969 2517 1092 2570 consules
1104 2515 1246 2571 civitatum
1256 2520 1285 2570 et
1294 2515 1411 2570 alionrm

239 2587 324 2651 mmm
335 2602 410 2668 juxta
427 2598 667 2654 commonitionem
688 2597 953 2665 archiepiscoporum
965 2602 992 2651 at
1011 2597 1199 2666 episcoporum
1216 2598 1344 2665 praestito
1355 2607 1421 2652 cor·v

238 2674 329 2735 breite
331 2685 483 2748 juramento
495 2680 663 2748 promittant,
675 2680 746 2746 quod
758 2679 787 2732 in
805 2678 930 2732 omnibus
950 2678 1095 2745 praedictis
1106 2679 1213 2733 fortiter
1221 2683 1249 2734 et
1259 2679 1414 2743 efficaciter,

236 2767 280 2806 tub
292 2759 316 2812 ab
333 2762 368 2816 eis
383 2762 487 2817 fuerint
506 2762 603 2816 exinde
620 2759 752 2827 requisiti,
766 2758 908 2813 ecclesiam
926 2764 1021 2812 eontra
1038 2759 1188 2814 haereticos
1198 2765 1226 2815 et
1236 2778 1330 2815 eorum
1342 2778 1412 2814 eom·

233 2831 293 2899 plius
305 2843 460 2913 adjuvabunt
480 2850 507 2899 et
527 2845 673 2898 studebunt
693 2844 763 2896 bona
784 2842 836 2895 fide
851 2844 932 2908 juxta
949 2841 1068 2895 officium
1088 2846 1116 2896 et
1134 2859 1210 2910 posse
1227 2861 1306 2897 suum
1328 2845 1411 2898 eccle·

230 2912 311 2975 sittica
332 2925 455 2981 similiter
477 2932 504 2981 et
526 2926 680 2995 imperialia
704 2927 817 2987 statuta,
843 2923 916 2976 eirca
946 2941 979 2977 ea
1009 2942 1079 2991 quac
1105 2925 1236 2989 diximus,
1260 2925 1412 2980 executioni

230 3002 334 3060 mandare.
348 3008 375 3061 Si
389 3026 455 3062 vero
468 3008 496 3061 id
508 3009 651 3061 observare
663 3004 808 3065 noluerint,
822 3005 933 3068 honore,
944 3021 1024 3070 quem
1036 3004 1166 3068 obtinent,
1180 3005 1329 3072 spolientur
1341 3010 1368 3060 el
1378 3007 1414 3060 ad

141 3096 144 3153 t
224 3078 280 3136 alles
294 3089 436 3145 nullatenus
454 3092 635 3148 aestimantur,
665 3087 704 3139 eis
725 3086 812 3138 nihilo
832 3086 922 3139 minus
944 3086 1223 3140 excommunicatione
1245 3086 1363 3154 ligandis
1387 3090 1415 3140 ct

141 3158 143 3163 ¹
223 3165 287 3220 tetris
296 3169 404 3238 ipsonrm
421 3171 567 3225 interdicto
579 3168 708 3223 ecclesiae
720 3167 911 3235 supponendis.
926 3167 1027 3221 Civitas
1039 3171 1138 3231 autem,
1161 3185 1231 3234 quae
1242 3168 1285 3221 his
1295 3169 1414 3223 decreta·

215 3246 279 3303 titus
295 3252 417 3308 uutibrtis
433 3251 542 3306 duxerit
559 3251 737 3304 resistendum
750 3250 793 3302 rel
811 3254 906 3302 contra
924 3249 1162 3304 commonitionem
1179 3249 1298 3318 episcopi
1319 3249 1416 3317 punire

214 3331 346 3400 neglexerit
371 3335 534 3396 resistentes,
567 3334 684 3387 aliarum
708 3335 800 3386 careat
822 3332 986 3386 commercio
1005 3333 1147 3387 civitatum
1169 3338 1197 3387 ct
1218 3332 1362 3400 episcopali
1384 3351 1412 3388 se

207 3414 306 3469 nerent
315 3417 446 3485 dignitate
457 3416 625 3484 privandam.

236 3498 329 3552 Omnes
345 3499 426 3552 ctiam
442 3499 562 3552 fautores
579 3496 778 3550 haereticorum
801 3501 930 3563 tanquam
947 3501 1077 3564 perpetua
1094 3495 1206 3548 infamia
1222 3494 1412 3548 condemnatos

199 3581 234 3634 ab
245 3579 416 3634 advocatione
431 3584 459 3634 et
475 3578 629 3634 testimonio
646 3582 673 3632 ct
689 3577 751 3631 aliis
762 3578 879 3645 publicis
895 3577 991 3631 officiis
1002 3577 1171 3631 decernimus
1188 3576 1363 3643 repellendos.
1383 3574 1412 3628 Si

195 3662 242 3732 qni
257 3678 321 3714 vcro
331 3661 440 3724 fuerint,
451 3661 498 3729 qui
511 3680 528 3714 a
539 3662 599 3729 lege
610 3660 771 3715 diocesariae
776 3660 977 3729 jurisdictionis
988 3660 1105 3728 exempti
1116 3659 1166 3711 soli
1178 3660 1335 3726 subjaceant
1345 3656 1415 3711 sedis

190 3744 358 3815 apostolicae
370 3745 504 3812 potestati,
516 3744 603 3798 nihilo
617 3744 707 3797 minus
724 3743 754 3797 in
771 3743 813 3807 iis,
836 3760 905 3811 <piac
925 3742 1049 3810 superius
1069 3745 1131 3795 sunt
1151 3743 1245 3794 contra
1267 3738 1416 3793 haereticos

184 3827 329 3889 instituta,
347 3827 614 3895 archiepiscoporum
637 3827 680 3879 vel
703 3818 893 3893 episcoporum
913 3826 1029 3878 subdant
1046 3823 1183 3892 judicium
1202 3827 1230 3877 et
1251 3820 1290 3877 eis
1312 3821 1342 3875 in
1363 3821 1416 3874 hac

182 3915 271 3985 parto
282 3914 413 3976 tanquam
431 3927 447 3963 a
464 3907 836 3977 sedeapostolieadelcgatis,
851 3907 1084 3962 nonobstantibus
1101 3905 1234 3961 libertatis
1251 3921 1316 3959 suae
1332 3902 1414 3971 privi-

178 3994 282 4069 legiis
294 3994 486 4060 obsequantur.

457 4114 556 4177 Mansi,
569 4115 628 4168 decl
646 4114 709 4176 XX,
723 4115 773 4167 blz.
788 4117 904 4175 tro-478,
918 4114 1020 4166 alwaar
1030 4113 1071 4167 dit
1087 4112 1149 4167 stuk
1166 4110 1362 4177 rerkeerdelijlx
1379 4128 1414 4178 op

490 4199 554 4250 1181
575 4197 662 4249 werdt
679 4196 806 4248 verineld.
820 4196 906 4259 (datie,
919 4196 977 4248 decl
995 4196 1029 4258 II,
1043 4196 1093 4249 blz.
1108 4199 1163 4257 tbi),
1178 4205 1206 4246 nr
1219 4195 1359 4258 15109.)-
1370 4193 1419 4247 Dit

489 4280 624 4346 pausetiJk
641 4280 748 4332 decrcct
764 4280 844 4331 bevat
859 4279 892 4331 de
909 4284 993 4332 eersto
1010 4278 1224 4342 uitdrukkelijke
1236 4277 1360 4345 regeling
1370 4278 1419 4331 der

493 4363 720 4431 bisschoppelijhe
732 4361 881 4429 Inquisitic.
895 4361 941 4415 Zic
953 4362 1015 4425 Lea,
1029 4363 1088 4416 decl
1100 4362 1121 4426 I,
1134 4362 1184 4415 bh.
1199 4365 1254 4414 leo.
