3194 5408
558 774 560 778 .
656 702 718 786 te.

160 890 244 981 Bttt'r
255 905 309 973 der
324 907 384 976 12·
397 925 503 985 eruto,
523 908 745 996 Antwerpen.
764 906 947 976 Uittrelreel
963 907 1012 975 uit
1032 927 1136 974 eenen
1152 907 1211 974 der
1226 927 1300 973 ver-

119 997 224 1085 volsstrt
240 1023 295 1074 ran
317 1008 467 1095 sigebert
490 1029 556 1076 van
579 1009 769 1078 Gembloers
793 1012 861 1091 (12⁶
875 1008 985 1099 eeuw)
1001 1030 1079 1076 over
1095 1009 1299 1076 lancheim’e

116 1102 223 1196 interp·
241 1131 276 1178 en
294 1111 376 1180 bar'e
390 1113 673 1204 onderdrukking.
695 1153 735 1163 -
768 1114 813 1180 De
837 1114 999 1202 ecbrijver
1022 1114 1106 1180 leert
1123 1133 1182 1179 ons
1198 1112 1301 1180 onder

112 1204 240 1303 anderen,
255 1213 316 1282 'dat
342 1216 519 1284 Tanehelm
546 1217 580 1284 in
605 1238 667 1284 een
689 1214 782 1302 ecbip
805 1215 886 1284 door
913 1237 1015 1283 eenen
1040 1216 1182 1311 priester
1207 1216 1310 1284 werd.

109 1313 260 1406 runem.
277 1338 320 1397 en
342 1315 399 1386 dat
423 1338 498 1386 men
521 1341 565 1386 ne
578 1320 688 1409 sijnen
705 1319 788 1388 dood
809 1327 844 1388 te
867 1319 1071 1404 Antwerpen
1087 1320 1231 1400 hostien,
1249 1319 1302 1387 die

101 1412 263 1501 adurendo
285 1421 384 1508 lange
402 1422 502 1510 jeron
525 1422 606 1490 door
627 1425 668 1491 de
688 1424 815 1492 letters
832 1423 988 1490 verheeld
1003 1442 1118 1490 waren
1141 1428 1298 1510 geweest,

89 1521 472 1699 ffrtigismlijkheid
494 1527 720 1617 terugbr'echt,
739 1527 828 1596 dnnk
849 1549 913 1595 aen
936 1526 977 1593 de
1000 1527 1216 1615 predikingen
1235 1536 1302 1596 vad

121 1646 138 1693 o
259 1680 268 1698 .

114 1810 246 1886 Oppidani
262 1819 347 1875 castri
367 1819 444 1876 illius
462 1820 704 1890 (Antwerpiensis),
726 1822 880 1888 aquodam
899 1816 1038 1875 haeretico
1058 1818 1226 1874 Tanchelmo
1248 1819 1311 1886 (vel,

79 1900 225 1967 Tendemol
241 1903 357 1970 seducti,
370 1905 504 1975 paulatim
522 1905 604 1960 aflde
616 1911 643 1961 et
654 1905 777 1963 moribus
787 1905 967 1970 desciverant,
979 1905 1045 1974 quia
1059 1905 1132 1959 idem
1148 1902 1303 1958 haereticus

72 1983 178 2040 nimiae
191 1984 353 2042 subtilitatis
369 1988 442 2057 (cum
459 1995 552 2044 tamen
568 1994 637 2045 esset
652 1988 750 2056 laicus,
762 1989 808 2044 sed
825 1989 920 2044 multis
936 1987 1019 2043 etiam
1035 1987 1143 2042 disertis
1154 1983 1262 2040 clericis
1272 1985 1302 2039 in

70 2076 201 2124 morte
210 2067 339 2147 acutior),
352 2071 424 2125 sacri
436 2070 541 2127 ordinis
554 2070 694 2127 ministros
705 2075 732 2126 et
748 2070 929 2140 episcopalem
943 2074 970 2126 et
980 2069 1174 2125 sacerdotalem
1186 2067 1302 2137 gradum

66 2147 145 2206 nibil
162 2164 222 2208 ene
242 2146 361 2218 dicebat,
381 2153 504 2222 eorpoiis
524 2156 551 2209 et
571 2153 716 2224 sanguinis
736 2151 838 2210 christi
860 2152 1062 2223 perceptionem
1080 2151 1249 2208 sumentibus
1267 2150 1302 2204 ad

62 2473 294 2544 extingueretur,
319 2474 435 2531 consilio
452 2477 556 2533 domini
577 2479 732 2534 burchardi
749 2478 869 2548 episcopi
886 2483 914 2534 et
930 2476 1014 2534 totius
1031 2475 1125 2545 populi
1142 2479 1170 2532 et
1191 2494 1301 2534 assensu

62 2555 189 2626 capituli
207 2557 304 2622 nostri,
332 2557 474 2613 dominum
510 2559 688 2626 Norbertum,
711 2565 803 2615 virum
829 2560 929 2616 nostris
959 2559 1127 2628 temporibus
1148 2561 1304 2628 spectabilia

62 2638 229 2709 religionis,
248 2640 380 2696 aecersiri
401 2641 568 2709 curavimus,
588 2644 666 2711 eique
683 2660 715 2698 ao
731 2645 788 2698 suis
809 2643 941 2699 iratribus
960 2641 1085 2710 regulam
1104 2645 1134 2694 tt.
1153 2643 1304 2708 Augustini

63 2722 248 2778 mantibus
267 2740 402 2790 suamque
422 2724 624 2781 institutionem
646 2725 841 2793 exequentibus
858 2725 1044 2792 supradictam
1061 2723 1217 2791 ecclesiam,
1240 2743 1303 2780 cum

62 2800 231 2875 dumiiah
239 2811 302 2876 etue
314 2808 474 2863 coemiterio
491 2809 622 2874 fundatis,
635 2815 663 2863 et
680 2810 768 2863 tribua
784 2809 930 2864 curtilibus
942 2813 1077 2875 etjupero
1092 2810 1195 2864 'terrae
1216 2809 1304 2865 eidem

61 2891 234 2947 eoemiterio
251 2892 450 2960 adjacentibus,
477 2910 540 2961 cum
557 2899 688 2961 quattuor
707 2893 877 2962 praebendis,
895 2909 945 2958 per
960 2907 1059 2946 manns
1073 2890 1216 2946 memorati
1237 2893 1305 2960 epis·

62 2978 130 3044 copi
151 2969 329 3040 tradidimus,
346 2975 457 3046 [multa]
470 2976 716 3045 circumspectione
735 2977 833 3046 vigiles
851 2978 988 3045 digneque
1005 2976 1210 3043 perpendentes,
1231 2976 1303 3042 quod

63 3074 169 3114 eorum
191 3058 386 3127 saginaremur
413 3059 584 3116 orationibus
606 3065 634 3116 et
655 3061 734 3116 bobis
754 3059 953 3130 spiritualibus,
978 3060 1002 3113 ai
1024 3077 1070 3114 eos
1091 3064 1304 3114 sustentaremus

62 3139 213 3197 bneficiis
224 3141 419 3209 temporalibus
423 3177 529 3197 .......

100 3235 208 3308 Actum
229 3259 321 3307 estem
343 3257 384 3308 est
395 3253 455 3308 vboc
475 3270 548 3310 enno
571 3251 656 3309 Verbi
679 3253 818 3309 incarnati
840 3253 985 3309 millesimo
1007 3254 1154 3308 centesimo
1175 3253 1305 3331 vicesimo

136 3335 416 3488 ῗαίἱωᾶδὶηῗίοτίοῃο
426 3337 555 3404 aecunds,
569 3343 666 3408 epacta
677 3337 770 3394 tertie.
785 3336 925 3404 (Miraeus,
940 3338 1030 3408 Opera
1041 3336 1232 3406 diplomatica,
1244 3337 1305 3392 deel

671 3533 708 3589 11.

105 3697 139 3753 In
151 3694 264 3753 nomine
276 3694 370 3750 Patris
388 3700 416 3751 et
432 3693 508 3761 Filii,
520 3693 569 3763 qui
580 3700 620 3750 est
631 3695 741 3760 veritos,
755 3702 782 3751 et
798 3695 917 3763 Spiritus
929 3693 1032 3760 Sancti,
1044 3693 1144 3763 quiesi
1158 3693 1302 3747 amborum

67 3779 206 3848 charitas,
219 3777 403 3839 Burchardus,
414 3777 509 3833 divina
519 3777 709 3833 misericordia
721 3778 958 3835 cameracensium
971 3778 1121 3848 episcopus,
1134 3782 1190 3832 tam
1201 3776 1302 3833 futuris

66 3869 157 3931 qnam
168 3856 358 3930 praesentibus
368 3857 399 3914 in
410 3865 586 3929 perpetuum.

106 3985 171 4000 ......
178 3943 295 3998 Eroluto
304 3950 396 3996 autem
408 3958 464 3997 non
476 3942 563 3997 multo
575 3947 707 4009 tempore,
721 3942 816 3996 clerici
824 3945 964 4012 praelatae
974 3942 1105 3999 ecclesiae
1114 3960 1135 3995 s.
1146 3941 1300 4008 Michaelis,

68 4028 163 4084 multa
173 4026 417 4094 circumspectione
425 4027 524 4096 vigiles
536 4028 673 4097 digneque
690 4028 896 4097 perpendentes,
909 4030 980 4096 quod
999 4045 1053 4092 eos,
1063 4044 1179 4094 quorum
1197 4032 1300 4082 susten·

68 4118 200 4168 tarentur
222 4111 387 4174 carnalibus,
410 4110 538 4180 saginare
561 4111 692 4165 deberent
713 4112 910 4179 spiritualibus,
931 4119 1004 4178 [nam
1028 4129 1074 4166 eos
1093 4110 1300 4165 haeresiarchae

69 4193 230 4251 Tanazelini
251 4209 402 4248 venenosus
424 4209 514 4248 sermo
536 4192 678 4261 iniecerat)
689 4193 723 4246 ed
741 4212 769 4249 se
787 4195 899 4249 tratrem
912 4194 1086 4255 Norbertum,
1100 4193 1191 4262 virum
1200 4194 1300 4250 nostris

68 4276 244 4347 temporibus
255 4276 413 4345 spectabilis
423 4275 575 4346 religionis,
585 4278 715 4332 accersiri
727 4287 893 4333 curaverunt
898 4313 987 4331 ......
1131 4272 1133 4277 ’

88 4388 209 4450 ‘Actum
229 4380 321 4447 autem
338 4397 379 4446 est
396 4389 450 4473 hoc
468 4409 541 4447 anno
564 4391 703 4446 lucernati
727 4386 810 4447 Verbi
832 4393 977 4447 millesimo
999 4390 1146 4447 centesimo
1167 4390 1295 4447 vicesimo

85 4488 89 4495 ·
135 4479 247 4546 quitto,
266 4474 418 4530 indictione
438 4473 566 4539 secunda,
588 4481 684 4542 epeetn
701 4475 793 4540 tertie,
817 4479 989 4545 praesulatus
1012 4475 1117 4546 domini
1140 4475 1295 4543 Bnrebardi

138 4576 214 4623 nono
218 4592 309 4613 ......
324 4557 464 4626 (biireeus,
475 4557 556 4625 ibid,
567 4558 630 4630 dest
641 4559 663 4635 l,
675 4557 726 4628 bln'.
739 4558 800 4641 86.)
