3194 5408
663 492 763 547 ANNO
782 496 856 547 1491
1320 496 1368 548 467

165 649 190 686 ac
198 631 226 685 in
234 629 310 686 mille
321 631 526 700 quadringentis
534 631 612 685 libris
622 635 650 686 et
658 633 693 686 ad
704 648 841 686 carcerem
853 649 901 700 per
909 631 1070 687 decennium
1081 630 1228 686 tenendum
1244 632 1369 687 condem·

165 719 295 781 normann
308 715 380 769 unde
394 714 483 769 dictus
507 714 628 780 Tacquet
645 716 680 769 ed
696 715 799 769 dictam
814 715 919 769 curiam
937 720 1057 770 nostram
1080 716 1273 783 appellaverat,
1285 716 1375 771 medio

165 800 229 868 :ujus
256 797 446 866 appellationis
467 797 524 864 ipse
552 797 768 866 Consiergeriem
789 799 891 866 ‚palatii
912 800 997 855 nostri
1015 798 1175 855 Perisiensis
1192 817 1242 868 pro
1263 801 1371 870 refugio

165 881 291 934 rabumat

185 962 328 1021 Memorati
348 979 412 1017 vero
430 961 511 1031 Hugo
528 964 656 1030 Aymery,
669 963 788 1018 Joannes
808 964 834 1018 le
855 964 967 1028 Febvre,
982 966 1190 1023 Bartholomeus
1210 970 1328 1025 Hermen
1346 977 1373 1027 et

165 1045 261 1100 iicolas
283 1046 317 1100 de
339 1044 471 1108 Gavrelle,
495 1047 553 1112 ejus
570 1062 648 1109 uxor,
664 1045 790 1101 dicebant
807 1047 908 1101 ibidem
928 1052 956 1102 et
973 1051 1174 1118 proponebant3
1190 1058 1217 1107 et
1236 1053 1372 1121 potissime

165 1128 239 1182 lienis
257 1130 385 1196 Aymery,
406 1128 478 1195 quod
500 1128 557 1195 ipse
568 1129 654 1181 bonus
676 1129 727 1193 vir,
748 1129 858 1198 juvenis
881 1129 999 1185 instate
1021 1132 1190 1188 matrimonii
1213 1138 1373 1205 conjunctus

165 1210 240 1264 inerat
250 1214 357 1273 eterat,
369 1209 416 1277 qui
428 1210 495 1263 bene
505 1213 533 1263 et
552 1210 641 1264 debite
658 1215 787 1277 tanquam
804 1229 885 1264 verus
901 1212 1052 1267 catholicus
1069 1215 1170 1282 absque
1187 1234 1305 1285 unquam
1321 1217 1370 1272 eli·

165 1293 224 1362 quod
234 1292 446 1362 reprehensibile
459 1293 583 1346 faciendo
595 1310 625 1347 se
640 1300 778 1361 repererat
789 1299 816 1349 et
828 1296 1035 1363 gubernaverat.
1049 1297 1151 1353 Verum
1161 1300 1191 1355 in
1202 1300 1299 1370 vigilia
1309 1300 1369 1355 festi

165 1376 261 1431 laenis
283 1377 450 1441 Palmarum,
475 1393 547 1431 anno
566 1377 640 1432 mille
660 1378 713 1444 iiije
730 1380 766 1444 lx,
781 1382 841 1448 jam
860 1380 948 1435 dictus
969 1381 1066 1436 Petrus
1085 1383 1122 1437 du
1141 1385 1246 1450 Hamel,
1269 1386 1370 1453 absque

169 1459 345 1514 niormatione
356 1459 540 1527 praecedente,
552 1459 654 1514 dictum
665 1461 784 1528 Aymery
793 1462 827 1514 ad
839 1479 868 1515 se
879 1462 972 1516 venire
979 1464 1166 1532 mandaveram
1179 1465 1288 1534 ipseque
1299 1466 1371 1533 apud

165 1541 255 1595 lictrm
266 1542 303 1595 du
316 1541 412 1596 Hamel
424 1542 474 1596 sub
485 1543 555 1596 bona
566 1542 618 1596 fide
627 1543 751 1607 existens,
765 1543 837 1597 idem
849 1545 886 1598 du
897 1545 993 1600 Hamel
1004 1553 1152 1602 memorato
1161 1552 1288 1617 aymery,
1299 1549 1371 1616 quod

165 1625 238 1679 lictae
257 1623 374 1678 vicarios
393 1624 577 1679 stabatensis
596 1625 715 1693 episcopi
744 1626 886 1694 ipsumque
914 1628 1068 1696 episcopum
1088 1631 1122 1684 de
1139 1632 1242 1688 Baruto
1265 1649 1369 1687 necnon

165 1706 256 1761 liccam
268 1707 401 1761 decanum
411 1707 463 1762 sibi
480 1708 619 1762 locuturos
630 1715 792 1776 expectaret,
807 1714 834 1764 et
845 1716 1042 1777 consequenter
1059 1711 1147 1766 eidem
1158 1716 1276 1781 Aymery
1294 1713 1351 1768 ut
1342 1731 1371 1768 in

165 1805 289 1843 amemm
312 1789 559 1844 commentariensis
581 1807 628 1843 seu
651 1791 769 1845 custodis
792 1808 931 1845 carcerum
955 1793 1021 1847 dicti
1048 1794 1166 1862 episcopi
1190 1794 1372 1849 Atrebatensis

165 1870 341 1937 priscanierus
356 1876 489 1940 pergeret,
502 1871 628 1939 etipsum
651 1872 851 1939 prisonnierum
873 1874 996 1929 ducendo
1019 1875 1075 1929 diet
1064 1882 1107 1930 tus
1126 1881 1215 1931 custos
1232 1894 1372 1931 carcerum

165 1952 226 2007 licto
245 1955 366 2022 Aymery
387 1954 459 2020 quod
477 1954 568 2008 omnia
586 1972 655 2022 quae
673 1957 707 2008 ab
719 1973 751 2009 eo
764 1959 919 2022 peterentur
925 1959 989 2025 jure
1010 1959 1052 2012 vel
1074 1958 1177 2028 injuria
1195 1960 1333 2023 fateretur,
1346 1962 1374 2012 et

165 2036 226 2102 quod
239 2052 332 2090 omnes
343 2036 390 2104 qui
401 2036 471 2090 nihil
488 2037 611 2091 confiteri
628 2038 780 2101 voluerant,
794 2039 874 2092 morti
897 2040 1028 2106 perempti
1048 2042 1165 2105 fuerant,
1181 2041 1221 2095 illi
1242 2058 1306 2095 vero
1325 2040 1371 2108 qui

165 2120 314 2186 petitoribus
324 2121 438 2175 confessi
449 2122 565 2185 fuerant,
578 2122 653 2175 illico
671 2122 779 2176 liberati
799 2128 992 2186 remanserant,
1006 2124 1191 2193 instigaverat,
1202 2129 1229 2179 et
1240 2125 1320 2179 etiam
1340 2141 1372 2178 eo

165 2201 302 2257 incarcere
312 2202 427 2257 existens
435 2204 567 2270 quaedam
579 2203 686 2268 mulier,
697 2205 724 2258 la
734 2205 901 2258 Bouchierre
911 2211 1074 2273 nuncupata,
1087 2207 1117 2260 in
1126 2206 1206 2261 dictis
1220 2206 1373 2260 carceribus

165 2284 192 2337 ad
201 2285 360 2339 tentandum
370 2287 497 2352 Aymery,
512 2285 598 2352 ipsam
612 2302 662 2352 per
673 2290 807 2340 torturam
819 2291 846 2340 et
857 2287 1042 2353 quaestionem
1054 2306 1121 2355 quos
1129 2289 1181 2342 sibi
1192 2288 1257 2342 dicti
1274 2288 1372 2342 deffen-

165 2384 227 2423 sores
237 2367 374 2422 nominari
385 2370 504 2422 fecerant
521 2385 668 2432 accusasse,
682 2373 710 2423 et
720 2370 755 2422 ad
772 2368 824 2422 hoc
837 2370 1003 2437 compulsam
1015 2370 1106 2434 fuisse,
1119 2375 1147 2425 et
1157 2371 1243 2425 eidem
1255 2372 1373 2438 Aymery

165 2451 237 2506 etiam
249 2452 318 2506 alios
328 2451 380 2506 sibi
397 2452 574 2506 nourinandos
592 2469 720 2506 accusare
740 2461 874 2521 oportere,
887 2454 1119 2522 promulgaverat3
1132 2456 1281 2522 deindeque
1298 2471 1373 2521 prae-

165 2535 211 2589 lato
221 2537 342 2603 Aymery
357 2551 438 2602 super
456 2535 528 2589 dicto
546 2534 660 2588 crimine
679 2536 848 2604 interrogato
860 2548 887 2591 et
898 2536 969 2590 nihil
980 2537 1009 2590 in
1028 2542 1069 2591 sut
1082 2537 1278 2608 praejudicium
1292 2537 1373 2591 confi·

165 2621 228 2672 lente
251 2617 408 2685 nullamque
427 2634 568 2684 personam
586 2623 739 2682 accusante,
753 2618 827 2672 dicta
840 2620 1007 2673 Bouchierre
1018 2620 1139 2686 duaeque
1156 2620 1283 2674 mulieres
1293 2617 1373 2682 aliae,

164 2717 211 2755 nna
230 2703 392 2770 Dauvergne
409 2706 437 2756 et
452 2702 538 2757 altera
556 2702 698 2771 Delespine
710 2708 890 2771 nuncupatae,
904 2705 988 2759 vitam
1000 2704 1133 2758 lubricam
1149 2704 1284 2770 degentes,
1297 2715 1374 2754 enor-

165 2784 238 2839 miter
248 2800 297 2852 per
313 2790 445 2839 torturam
466 2785 628 2853 flagellatae,
641 2803 703 2839 cum
724 2803 802 2853 saepe
822 2786 895 2841 dicto
915 2790 1034 2855 Aymery
1056 2788 1241 2840 contrectatae
1257 2784 1374 2845 fuerant,

165 2884 275 2934 quarum
294 2868 401 2934 aliquae
422 2866 534 2921 minime
546 2867 633 2935 ipsum
646 2886 817 2937 cognoscere,
838 2886 924 2937 neque
939 2887 1001 2923 eum
1019 2871 1048 2922 in
1066 2868 1147 2924 certis
1166 2867 1328 2930 nemoribus,
1341 2866 1375 2919 de

165 2949 256 3014 quibus
267 2950 355 3003 fuerat
372 2948 484 3016 questio,
497 2949 604 3013 vidisse,
618 2951 739 3018 reliquae
750 2968 814 3005 vcro
826 2952 898 3019 quod
909 2952 931 3005 si
943 2953 977 3005 de
994 2969 1026 3005 eo
1044 2950 1147 3018 aliquid
1164 2949 1229 3002 mali
1241 2947 1373 3010 dixerant,

165 3030 290 3086 hocidem
301 3049 350 3100 per
360 3032 511 3100 gehennam
522 3051 569 3087 seu
586 3038 728 3097 torturam,
749 3034 803 3086 vim
822 3043 849 3088 et
866 3035 1032 3097 violentiam,
1051 3033 1144 3087 fecisse
1156 3032 1373 3095 declaraverant;

165 3114 206 3167 sed
216 3114 259 3167 his
269 3115 376 3168 nullum
392 3120 544 3182 respectum
556 3116 688 3179 habendo,
702 3115 768 3170 dicti
780 3116 941 3169 deffensores
961 3117 1094 3183 prefatum
1110 3117 1228 3180 Aymery
1246 3112 1333 3180 primo
1347 3111 1375 3163 in

165 3194 227 3248 licre
246 3196 346 3263 absque
363 3196 481 3260 cretello,
495 3197 623 3250 membris
640 3196 757 3250 extensis
768 3200 796 3250 et
816 3196 897 3265 longo
917 3197 1045 3263 temporis
1061 3195 1156 3263 spatio,
1176 3198 1204 3248 et
1221 3199 1312 3260 postea
1328 3210 1376 3261 per

165 3277 296 3344 quandam
307 3277 389 3331 aliam
401 3282 544 3343 torturam,
558 3279 685 3332 [molinet
697 3278 797 3348 gallice
805 3285 937 3344 vocatam,
951 3295 1057 3347 aquam,
1072 3278 1160 3331 oleum
1172 3281 1199 3330 et
1209 3286 1315 3330 acetum
1327 3292 1376 3342 pro

165 3359 262 3431 vitione
284 3359 335 3414 sibi
346 3361 484 3426 medendo,
497 3380 530 3416 ac
541 3364 613 3430 quod
624 3363 713 3430 ipsum
725 3365 754 3416 in
766 3362 838 3416 dicta
851 3362 971 3416 valderia
986 3362 1139 3416 interfuisse
1156 3360 1277 3414 confiteri
1289 3359 1375 3414 etsibi

165 3441 339 3496 nominandos
351 3443 384 3496 de
395 3443 550 3513 hujusmodi
562 3444 676 3498 crimine
685 3461 822 3505 accusrue,
833 3446 883 3497 sub
893 3462 978 3512 poena
989 3443 1129 3499 fractionis
1137 3459 1247 3496 suorum
1257 3442 1375 3509 praedio·

165 3530 252 3576 tarnim
261 3525 451 3588 membrorum,
458 3527 606 3593 oportebat,
613 3526 664 3579 sibi
674 3527 810 3579 suadendo
819 3526 1080 3593 quaestioneverant,
1091 3525 1194 3594 ipsique
1203 3524 1376 3577 semimortuo

165 3604 214 3657 nisi
227 3606 316 3669 flores,
328 3623 418 3661 roseas
429 3625 475 3661 seu
487 3607 600 3662 violatas
611 3608 789 3671 sustinuisset,
809 3609 854 3661 sed
866 3610 937 3674 quod
949 3609 971 3661 si
982 3609 1131 3677 praedictos
1140 3607 1191 3661 sibi
1200 3606 1377 3661 nominandos

165 3706 217 3743 non
229 3694 377 3754 accusaret,
390 3691 458 3744 elias
475 3695 594 3745 torturas
605 3693 735 3757 usquead
755 3693 938 3745 membrorum
956 3692 1158 3746 dissolutionem
1175 3695 1313 3759 pateretur
1329 3705 1377 3755 per

165 3770 251 3824 ninas
275 3771 466 3839 promiserant3
478 3786 583 3827 'verum
607 3773 663 3841 ipse
684 3775 756 3840 quod
776 3773 888 3827 minime
907 3779 1046 3828 accusaret
1064 3776 1250 3842 responderam
1273 3774 1319 3827 sed
1336 3773 1379 3825 his

165 3853 274 3908 ninime
285 3853 402 3908 contenti
413 3855 501 3921 ipsum
513 3858 632 3923 Aymery
649 3856 792 3910 duodecim
812 3856 946 3910 vicibust
935 3861 1146 3921 t,crturaverant
1160 3862 1186 3911 et
1175 3858 1231 3911 tad
1243 3855 1378 3923 quandam
1429 3852 1431 3865 '

165 3939 287 3993 irborcm
303 3955 364 3991 eum
380 3939 542 4005 suspendere
564 3945 591 3993 et
611 3944 702 4006 postea
721 3941 931 4007 submergere,
919 3940 970 3993 sibi
990 3940 1044 3992 vim
1062 3941 1222 3994 servientem
1234 3945 1335 3994 etcum
1347 3954 1379 3991 eo

165 4020 337 4075 obliteratur
346 4019 506 4074 derisionem
518 4021 741 4086 administrando,
762 4022 890 4075 administ
880 4027 1053 4085 tteraveran
1039 4026 1109 4075 etex
1126 4023 1203 4089 post
1196 4039 1283 4089 1psum
1296 4021 1378 4074 unde·

165 4104 215 4158 im
232 4101 369 4156 mensibus
389 4103 589 4170 prisonnierum
606 4104 636 4156 in
653 4121 754 4173 magna
767 4109 963 4171 paupertateet
974 4102 1084 4156 miseria
1098 4104 1306 4167 detinuerant,e
1291 4107 1378 4170 etpro

165 4201 236 4239 »mm
227 4183 439 4251 complemento
450 4187 564 4239 eundem
576 4186 748 4250 scalsaudari,
762 4186 912 4253 praedicari
924 4190 951 4239 et
969 4186 1086 4240 mittrari
1098 4187 1197 4240 facient
1187 4191 1226 4240 tes
1244 4185 1330 4252 ipsum
1343 4185 1378 4238 ad

165 4269 307 4327 enendum
317 4285 452 4324 carcerem
464 4272 607 4324 fermatum
619 4273 875 4325 condemnaverant.

190 4352 249 4408 Sed
261 4351 349 4405 medio
360 4352 552 4419 persecutionis
569 4370 617 4420 per
625 4355 684 4419 jam
696 4352 799 4406 dictum
812 4351 967 4406 Collardum
979 4352 1012 4404 de
1024 4349 1165 4405 Belloforti
1183 4349 1212 4402 in
1224 4347 1290 4401 villa
1300 4349 1377 4401 Atre·

165 4433 277 4497 estensi,
296 4437 361 4487 tunc
378 4434 517 4488 occasione
537 4433 746 4502 praemissorum
763 4435 884 4487 detentos
896 4432 926 4485 in
943 4450 1003 4487 eam
1023 4431 1120 4485 adduci
1133 4430 1312 4491 ordinaverat,
1326 4444 1379 4494 quo

165 4520 297 4579 cudente
307 4516 395 4571 dictus
405 4520 532 4585 Aymery,
545 4518 618 4585 apud
630 4517 746 4571 Romam
758 4534 824 4583 erga
835 4516 938 4570 dictum
950 4515 1103 4583 episcopum
1116 4514 1317 4568 attrebatensem
1329 4525 1378 4576 pro
