3188 5408
700 494 799 548 ANNO
819 497 894 549 1515

744 719 838 788 424.

230 905 335 982 1515,
352 905 425 973 Mei
437 907 473 986 4,
492 908 609 974 Rome.
630 908 689 974 Bul
706 928 770 974 van
795 910 859 975 Leo
876 908 922 987 X,
948 909 1015 973 met
1034 906 1074 973 de
1097 905 1321 992 goedkeuring
1343 926 1408 972 van

178 1009 242 1076 bet
263 1008 406 1076 Concilie
430 1029 495 1075 van
520 1010 679 1077 Lateraan
705 1010 968 1098 uitgevaardigd,
987 1030 1027 1075 en
1053 1007 1267 1075 verbiedende
1291 1010 1351 1076 ieta
1375 1014 1409 1076 te

179 1111 334 1178 drukken
363 1112 484 1178 zonder
505 1112 545 1178 de
568 1112 726 1200 toelating
749 1136 815 1182 van
846 1114 870 1180 's
895 1133 1020 1199 pausen
1052 1112 1170 1178 vicaria
1194 1118 1227 1178 te
1251 1114 1354 1179 Rome
1377 1111 1414 1177 os

180 1236 249 1281 van
265 1214 306 1280 da
322 1213 538 1302 bisschoppen
554 1236 595 1281 eu
613 1237 676 1283 van
694 1218 733 1284 de
749 1218 961 1303 inquisitaurs
977 1215 1091 1282 butten
1108 1217 1222 1282 Rome.
1240 1254 1285 1264 —
1307 1217 1411 1283 Naast

180 1319 264 1385 hare
292 1322 406 1404 groote
431 1317 625 1385 voordeelen
653 1321 743 1388 heeft
771 1321 809 1387 de
839 1319 1026 1405 uitvinding
1054 1319 1115 1411 der
1138 1318 1411 1384 boekdrukkunst

182 1421 346 1487 nochtaus
374 1421 431 1488 het
458 1421 649 1489 verbreiden
675 1423 734 1489 der
760 1423 915 1509 dolingen
943 1423 975 1488 in
1004 1422 1044 1488 de
1072 1421 1160 1488 hand
1183 1422 1345 1507 gewerkt.
1371 1422 1409 1486 In

180 1526 204 1592 ’t
221 1523 361 1609 vervolg
377 1544 451 1610 mag
467 1525 598 1591 daarom
616 1546 699 1612 gaen
716 1524 796 1592 boel
813 1531 847 1592 te
864 1528 965 1592 Rome
985 1524 1127 1611 gedrukt
1143 1525 1277 1591 worden
1291 1524 1411 1591 zonder

181 1625 427 1714 voorafgeande
439 1626 666 1714 goedkeuriug
681 1648 744 1695 ran
760 1633 785 1695 ’s
802 1648 925 1715 pausen
942 1629 1061 1695 vicaria
1077 1648 1117 1693 en
1135 1648 1199 1694 van
1215 1627 1278 1694 den
1296 1647 1411 1713 pause·

182 1730 288 1819 lijken
305 1729 522 1810 hofmeester3
543 1730 656 1798 buiten
670 1734 783 1811 Rome,
799 1753 863 1798 van
879 1732 942 1798 den
955 1730 1105 1816 bisschop
1118 1730 1155 1796 of
1166 1731 1274 1818 zijnen
1288 1731 1411 1815 plaats·

182 1853 372 1919 vervanger
383 1854 424 1899 en
440 1855 503 1900 van
517 1834 579 1901 den
597 1835 792 1920 inquisiteur
807 1835 866 1902 der
881 1836 998 1920 plaats.
1015 1834 1121 1900 Alwie
1137 1833 1185 1902 dit
1200 1831 1321 1899 verbod
1333 1853 1412 1899 over

183 1939 207 2007 ’t
225 1937 322 2003 hoosd
339 1937 415 2014 ziet,
434 1937 484 2003 zal
513 1937 553 2003 de
578 1938 739 2024 gedrukte
762 1937 890 2005 boeken
916 1936 1112 2015 verbeuren,
1140 1955 1220 2004 eene
1247 1935 1323 2002 boet
1346 1956 1410 2001 van

184 2040 335 2108 honderd
348 2040 494 2106 dukaten
508 2038 649 2119 betelon,
665 2041 853 2127 gadureude
866 2062 924 2106 een
934 2043 1012 2129 jaar
1023 2040 1071 2106 als
1084 2039 1229 2106 drukker
1240 2039 1412 2125 geschorst

182 2144 308 2232 blijven
325 2163 366 2210 en
384 2142 613 2210 daarenboven
637 2145 672 2210 in
696 2145 758 2211 den
779 2141 986 2230 kerkelijlren
1004 2142 1067 2209 ban
1083 2143 1162 2231 zijn.
1189 2142 1328 2227 Zondigt
1351 2162 1411 2207 een

182 2246 332 2313 drukker
354 2251 411 2312 ten
436 2246 587 2312 tweeden
605 2248 699 2325 male,
720 2247 783 2315 dan
804 2249 853 2314 zal
870 2248 956 2333 zijne
981 2245 1068 2313 straf
1079 2266 1161 2312 naar
1183 2243 1330 2311 believen
1347 2265 1411 2311 van

182 2351 247 2418 den
260 2348 466 2437 pauselijken
480 2349 600 2416 vicario
612 2348 650 2417 oi
661 2371 726 2418 van
739 2351 801 2417 den
814 2349 966 2434 bissohop
979 2369 1045 2435 nog
1058 2349 1248 2415 verzwaard
1261 2347 1409 2416 worden.
1432 2411 1435 2417 ,

217 2538 274 2592 Leo
292 2536 441 2604 episcopus,
455 2552 548 2590 servas
559 2553 700 2591 servorum
714 2537 772 2600 Dei,
785 2537 819 2590 ad
829 2541 987 2604 perpetuam
999 2535 1038 2590 rei
1049 2534 1219 2599 memoriam,
1229 2550 1307 2588 sacro
1315 2550 1411 2601 appro-

180 2624 266 2677 bante
277 2620 403 2674 concilio.

215 2704 292 2759 Inter
302 2701 487 2757 solicitudines
499 2702 597 2755 uostris
607 2701 730 2756 humeris
740 2701 939 2766 incumbentes,
953 2699 1094 2768 presertim
1106 2716 1186 2753 curas
1202 2699 1366 2754 revolvimus
1383 2704 1413 2754 ut

180 2789 307 2842 errantes
326 2785 356 2838 in
377 2785 435 2837 rias
452 2783 575 2838 veritatis
596 2785 726 2838 reducere
747 2783 871 2851 ipsosque
889 2783 1050 2837 lucrifacere
1072 2783 1128 2835 Deo
1150 2784 1208 2847 (sua
1225 2779 1302 2835 nobis
1319 2797 1412 2847 coopo-

180 2873 263 2925 rante
282 2868 382 2937 gratia)
401 2867 548 2930 valcamus,
567 2866 619 2920 boo
638 2872 679 2920 est
699 2867 771 2934 quod
792 2867 912 2933 profecto
932 2865 1118 2920 desideranter
1135 2864 1312 2930 exquirimus,
1333 2863 1367 2916 ad
1385 2863 1413 2916 id

180 2954 294 3004 nostrae
302 2947 400 3000 mentis
411 2945 505 3000 sedulo
516 2946 681 3000 destinamus
699 2948 827 3001 affectum
849 2963 882 3000 ao
893 2946 967 3000 circa
979 2945 1047 2999 illud
1058 2943 1179 2999 studiosa
1192 2946 1336 3014 diligentia
1344 2945 1412 3013 vigi·

179 3033 282 3086 lamus.

217 3112 292 3166 Saue
303 3109 368 3165 licet
385 3110 527 3165 literarum
540 3111 639 3179 peritia
650 3128 699 3180 per
711 3111 844 3166 librorum
861 3110 1005 3165 lectionem
1017 3108 1100 3178 possit
1112 3107 1231 3163 faciliter
1241 3106 1367 3170 obtineri,
1380 3125 1412 3161 ac

181 3212 229 3248 ars
250 3192 425 3261 imprimendi
446 3193 530 3247 libros
550 3194 717 3262 temporibus
734 3193 903 3262 potissimum
929 3191 1028 3247 nostris
1051 3190 1144 3244 divino
1164 3192 1271 3245 favente
1290 3189 1411 3253 numine,

181 3277 297 3331 inventa
307 3292 354 3329 seu
366 3280 447 3329 aucta
457 3279 485 3329 et
495 3275 629 3343 perpolita
640 3274 759 3343 plurima
768 3275 937 3339 mortalibus,
954 3271 1077 3328 attulerit
1093 3272 1244 3336 commoda,
1255 3289 1317 3324 cum
1330 3287 1413 3338 parva

183 3357 308 3424 impensa
327 3355 406 3423 copia
425 3357 559 3410 librorum
577 3357 697 3410 maxima
714 3356 855 3419 habeatur,
869 3354 1087 3424 quibusingenia
1106 3354 1141 3407 ad
1161 3353 1304 3408 literarum
1324 3352 1414 3406 studia

182 3438 374 3507 percommode
383 3437 505 3492 exerceri
517 3443 544 3492 et
554 3439 612 3493 reri
621 3439 722 3493 eruditi
731 3439 760 3492 in
769 3439 844 3493 omni
853 3438 1011 3507 linguanrm
1029 3453 1139 3505 genere,
1152 3434 1311 3503 praesertim
1323 3438 1414 3489 autem

192 3519 334 3584 catholici,
358 3520 457 3586 quibus
479 3525 600 3575 sanctam
630 3521 782 3575 Romanam
805 3520 947 3575 ecclesiam
969 3520 1109 3573 abundare
1143 3518 1310 3579 affectamus,
1335 3517 1415 3570 facile

184 3603 304 3658 evadere
315 3606 436 3670 possunt,
449 3603 496 3668 qui
508 3602 590 3657 etiam
602 3602 724 3657 infideles
741 3602 837 3666 sciant,
856 3607 882 3657 et
900 3603 1008 3656 valeant
1021 3599 1106 3654 sacris
1126 3597 1257 3652 institutis
1279 3596 1415 3652 iustruere

182 3685 362 3753 fideliumque
383 3684 499 3754 collegio
523 3703 572 3753 per
587 3685 740 3741 doctrinam
761 3685 926 3739 christianae
936 3684 998 3738 fidei
1011 3681 1157 3736 salubriter
1167 3697 1328 3748 aggregare.
1342 3679 1414 3744 Quia

185 3772 282 3822 tamen
303 3766 452 3821 multarum
476 3767 588 3833 querela
609 3771 731 3822 nostrum
754 3772 782 3821 et
801 3767 872 3820 sedis
888 3765 1052 3834 apostolicae
1068 3762 1187 3831 pulsavit
1205 3762 1331 3818 auditum
1342 3764 1415 3831 quod

186 3848 315 3903 nonnulli
327 3848 409 3916 hujus
420 3847 488 3903 artis
499 3849 674 3916 imprimendi
686 3848 810 3917 magistri
828 3848 857 3902 in
873 3847 988 3902 diversis
1005 3845 1100 3900 mundi
1112 3845 1235 3913 partibus
1246 3845 1339 3909 libros
1358 3850 1414 3900 tam

185 3933 318 3995 Graecae,
340 3929 500 3995 Hebraioae,
525 3931 660 3986 Arabicae
677 3935 704 3986 et
727 3932 861 3986 Chaldeae
876 3949 909 3985 ac
924 3930 1033 3998 vulgari
1050 3946 1173 3983 sermone
1190 3929 1286 3993 editos,
1310 3947 1414 3985 errores

183 4013 271 4070 etiam
283 4011 312 4066 in
325 4012 377 4065 fide
389 4030 422 4065 ac
434 4013 587 4081 perniciosa
607 4014 735 4082 dogmata
753 4013 835 4068 etiam
848 4012 976 4081 religioni
988 4011 1153 4066 christianae
1164 4011 1303 4065 contraria
1314 4012 1415 4066 famam
1449 4054 1453 4061 .

186 4111 368 4164 personarum
391 4093 473 4149 etiam
485 4095 621 4164 dignitate
632 4095 797 4164 firlgcntium
809 4094 978 4149 continentes
995 4093 1152 4161 imprimere
1175 4110 1207 4146 ao
1226 4093 1334 4160 publice
1352 4111 1415 4148 ren·

182 4178 252 4232 dare
264 4181 449 4243 praesumunt,
463 4194 495 4230 ex
507 4195 624 4245 quorum
636 4178 741 4231 lectura
753 4194 808 4231 non
818 4176 906 4231 solum
918 4176 1038 4244 legentes
1050 4192 1104 4228 non
1121 4173 1309 4237 aedificantur,
1322 4175 1369 4229 sed
1385 4175 1415 4229 in

184 4259 321 4318 maximos
341 4259 432 4328 potius
455 4265 511 4314 tam
529 4260 558 4315 in
581 4261 635 4316 fide
646 4278 728 4328 quam
742 4260 772 4314 in
783 4261 839 4314 vita
851 4262 879 4314 et
889 4258 1011 4313 moribus
1023 4257 1206 4325 prolabuntur
1216 4274 1330 4321 errores,
1344 4258 1416 4312 unde

187 4346 269 4399 varia
288 4360 367 4412 saepe
387 4341 525 4406 scandala,
546 4345 629 4409 prout
649 4340 818 4409 experientia
828 4357 920 4394 rerum
933 4338 1065 4407 magistra
1075 4336 1177 4399 docuit,
1190 4342 1284 4391 exorta
1306 4338 1416 4391 fuerunt

189 4431 220 4483 et
231 4429 337 4496 majora
348 4426 378 4480 in
389 4426 447 4481 dies
456 4423 558 4480 exoriri
570 4423 761 4479 formidantur.

220 4510 277 4566 Nos
290 4508 392 4577 itaque,
407 4525 442 4563 ne
459 4507 488 4563 id
499 4506 572 4573 quod
582 4505 618 4561 ad
629 4505 679 4560 Dei
696 4503 814 4573 gloriam
825 4507 852 4559 et
863 4502 927 4559 fidei
938 4505 1115 4572 augmentum
1126 4518 1159 4556 ao
1170 4502 1303 4557 bonorum
1314 4499 1416 4556 artium
