3194 5408
618 518 720 580 ΑΝΝΟ
741 519 818 580 1231
1301 531 1336 584 ’19

50 664 166 733 laten
186 664 350 734 worden.
364 649 452 733 Iloor
464 666 617 734 niemaud
631 670 715 736 noch
729 671 831 736 onder
848 690 931 756 gaen
948 672 1180 739 voorwendsel
1193 673 1329 740 kunnan

50 766 114 836 die
129 768 355 857 bepalingeu
374 770 438 838 ooit
451 774 606 839 verzacht
619 773 770 842 worden.

93 933 272 1004 [Capenae
286 935 446 990 Annibaidi
456 940 594 993 senatoris
606 946 630 990 ct
643 937 747 1007 pepuli
759 939 883 992 Romani
900 938 990 990 edicta
1008 945 1106 990 contra
1118 937 1298 1007 Petarenos]

97 1018 224 1072 Omnes
244 1018 366 1072 heretici
386 1019 415 1073 in
435 1021 512 1083 urbe,
525 1020 652 1075 videlicet
673 1020 794 1085 Cathari,
817 1020 956 1084 patareni,
971 1021 1110 1088 Pauperes
1131 1021 1164 1074 de
1185 1020 1329 1090 Lugduno,

54 1101 246 1171 Passagini,
263 1101 414 1170 Joseppini,
436 1103 596 1167 ArnaldistI,
611 1104 770 1171 Speroniste
792 1103 878 1158 etalii
900 1106 1088 1173 cujuscunque
1109 1104 1211 1158 heresis
1223 1104 1332 1158 nomine

55 1191 268 1248 censeantur,
281 1185 430 1250 credentes,
443 1190 634 1254 receptatores,
648 1188 767 1242 fautores
778 1192 807 1242 et
817 1188 971 1241 defensores
984 1203 1079 1240 eorum
1091 1186 1121 1240 in
1133 1188 1202 1240 urbe
1214 1187 1331 1256 singulis

54 1268 154 1323 annis
175 1285 200 1323 a.
217 1271 358 1333 senatore,
379 1269 488 1336 quando
505 1269 649 1338 regiminis
666 1269 709 1324 sui
729 1269 880 1338 prestiterit
893 1272 1093 1338 juramentum,
1114 1275 1244 1338 perpetuo
1261 1269 1330 1324 diffi-

55 1352 193 1409 dentur.
207 1351 287 1409 Item
305 1352 449 1418 hereticos,
465 1353 512 1420 qui
532 1353 637 1408 fuerint
656 1353 686 1407 iu
706 1354 774 1407 urbe
794 1353 905 1422 reperti,
925 1353 1069 1422 presertim
1090 1370 1139 1422 per
1158 1352 1332 1422 inquisitores

57 1437 153 1492 dates
165 1437 212 1491 ab
221 1435 344 1490 ecelesia
353 1437 398 1490 vel
409 1435 477 1490 alios
486 1436 560 1491 viros
571 1436 728 1500 catholicos,
739 1441 847 1491 senator
858 1453 955 1505 capere
967 1439 1093 1490 teneatur
1104 1440 1131 1491 et
1144 1442 1235 1505 captos
1246 1439 1329 1494 etiam

59 1514 220 1583 detineris,
234 1523 383 1588 postquam
400 1519 505 1574 fuerint
524 1536 573 1588 per
590 1519 732 1573 ecelesiam
750 1520 952 1588 condempnati,
965 1520 1040 1574 infra
1057 1523 1119 1575 octo
1136 1519 1194 1574 dies
1212 1522 1331 1577 animad-

61 1605 214 1660 versione
225 1603 325 1658 deblta
334 1603 495 1670 puniendos.

10 1694 12 1703 '
101 1688 197 1743 Bona
210 1703 282 1740 vero
294 1685 416 1755 ipserum
427 1686 520 1741 omnia
536 1686 610 1740 infra
627 1687 776 1741 eorundem
793 1686 942 1741 terminum
954 1686 1139 1754 publicentur,
1159 1687 1198 1741 ita
1213 1691 1285 1755 quod
1296 1690 1330 1744 de

70 1770 144 1839 ipsis
156 1786 256 1825 umm
268 1774 375 1838 partem
386 1768 547 1838 percipiant,
561 1769 608 1837 qui
620 1787 665 1824 ecs
676 1769 825 1823 revelarint
842 1774 868 1824 et
885 1769 925 1823 hii
943 1770 990 1837 qui
1008 1788 1054 1824 eos
1071 1771 1201 1839 ceperint,
1220 1777 1329 1826 senator

72 1854 215 1917 alteram,
229 1858 260 1907 et
271 1851 354 1907 tertia
365 1869 508 1906 murorum
520 1852 596 1906 urbis
612 1852 805 1906 refectionibus
823 1853 977 1920 deputetur.
996 1853 1063 1907 Item
1081 1859 1112 1908 ut
1128 1854 1168 1908 ibi
1180 1855 1227 1909 liat
1238 1872 1329 1922 recep·

76 1936 214 1990 mulum
225 1935 361 2000 sordium,
375 1935 423 1989 ubi
442 1936 493 1990 fuit
511 1936 657 1989 latibulum
675 1936 850 2003 perfidorum,
864 1937 960 1989 domus
979 1935 1099 2000 illorum,
1113 1937 1142 1990 iu
1159 1955 1213 2004 qua
1230 1938 1329 1992 hereti·

79 2036 182 2072 conam
205 2017 331 2086 aliquem
351 2035 419 2072 ausu
440 2018 585 2072 temerario
605 2013 693 2086 aliqui
714 2018 742 2071 in
763 2019 831 2072 urbe
852 2019 1069 2086 presumpserint
1085 2025 1235 2087 receptare,
1254 2022 1330 2076 nullo

79 2101 241 2155 relidenda
259 2104 382 2169 tempore
400 2102 522 2155 funditus
539 2101 674 2155 diruatur.
696 2100 753 2154 Hec
770 2101 842 2155 idern
859 2103 893 2155 de
910 2102 1035 2155 domibus
1052 2102 1162 2155 illorum
1185 2103 1269 2167 urbis,
1283 2103 1331 2171 qui

83 2201 187 2239 mamis
205 2183 411 2252 impositionem
424 2184 577 2251 receperint
596 2185 631 2237 ab
651 2183 789 2248 hereticis,
802 2183 930 2238 similiter
942 2185 1111 2238 observetur.
1125 2185 1192 2248 Item
1212 2185 1242 2239 in
1261 2188 1330 2240 urbe

84 2267 163 2321 eirca
176 2267 323 2321 credentes
339 2266 524 2320 hereticorum
536 2267 683 2330 erroribus,
703 2271 844 2334 postquam
857 2267 960 2321 fuerint
977 2285 1027 2335 per
1038 2267 1180 2321 ecclesiam
1197 2269 1327 2332 denotati,

84 2350 226 2418 pmmissa
237 2349 331 2404 emnia
343 2351 529 2403 observentur.
549 2349 617 2403 Item
637 2349 801 2416 quicumque
812 2350 846 2402 de
858 2351 925 2403 urbe
942 2349 1055 2403 sciverit
1071 2349 1206 2404 hereticos
1221 2351 1251 2405 in
1262 2353 1330 2406 tube

24 2426 28 2431 ¹
84 2438 114 2489 et
137 2451 197 2487 non
219 2432 395 2495 revelaverit,
418 2432 474 2486 XX
494 2431 628 2485 librarum
645 2449 716 2499 pena
735 2433 901 2497 mulctetur3
924 2435 952 2485 et
974 2432 997 2484 si
1014 2433 1142 2486 solvendo
1160 2450 1215 2487 non
1237 2434 1329 2499 fuerit,

86 2514 235 2569 diffidatur
250 2533 301 2569 nec
318 2516 459 2569 relaxetur
476 2514 617 2577 diffidati0,
632 2514 684 2568 nisi
701 2514 787 2582 digna
803 2514 988 2568 satisfactione
1000 2515 1140 2582 premissa.
1154 2514 1222 2569 Item
1240 2533 1331 2585 recep·

21 2616 26 2623 ·
86 2603 193 2652 latores
215 2598 334 2652 scienter
350 2597 408 2651 sive
427 2597 582 2651 defensores
601 2613 649 2650 seu
673 2597 792 2651 fautores
809 2596 993 2651 hereticorum
1011 2597 1088 2650 urbis
1099 2597 1185 2651 tercia
1196 2598 1329 2653 bonorum

86 2697 206 2734 suorum
223 2685 302 2748 perte
318 2681 495 2745 mulctentur,
510 2698 562 2747 que
579 2697 722 2734 murorum
740 2679 816 2733 urbis
834 2680 1030 2735 refectionibus
1041 2680 1196 2746 deputetur.
1211 2681 1289 2744 Quod
1307 2683 1330 2735 si

93 2764 141 2816 vel
153 2763 313 2832 hujusmodi
325 2763 414 2832 puniti
425 2780 520 2817 rursus
537 2763 567 2816 iu
578 2762 694 2815 similem
712 2763 815 2816 fuerint
830 2763 939 2830 culpam
954 2761 1082 2830 prolapsi,
1097 2763 1131 2816 de
1143 2763 1209 2816 urbe
1222 2764 1329 2831 penItus

94 2846 273 2913 expellantur
289 2863 340 2900 nec
358 2862 479 2914 unquam
496 2850 669 2899 revertantur
679 2846 714 2898 ad
726 2846 811 2907 illam,
826 2845 878 2898 nisi
890 2845 975 2914 digna
986 2845 1170 2899 satisfactione
1188 2846 1327 2913 premisse.

10 2976 12 3001 Ι
95 2928 266 2997 Hujusmodi
277 2933 368 2983 autem
377 2946 491 2997 persone
502 2928 531 2982 in
541 2929 608 2983 urbe
617 2927 729 2981 minime
738 2929 894 2990 audiantur,
905 2946 956 2982 nec
965 2928 1107 2995 quisquam
1117 2928 1155 2980 eis
1167 2928 1195 2981 in
1208 2929 1329 2996 qualibet

10 3004 12 3009 ’
96 3028 184 3064 causa
200 3012 363 3079 respondere
380 3018 504 3081 cogetur,
522 3012 568 3064 sed
589 3012 641 3078 ipsi
662 3016 796 3079 cogantur
816 3011 878 3063 aliis
900 3011 1072 3078 respondere.
1095 3010 1205 3064 Iudices
1227 3018 1327 3078 autem,

10 3114 12 3121 ·
95 3085 265 3148 advocati'et
273 3094 400 3148 scrinarii
413 3095 482 3148 nulli
495 3112 589 3148 eorum
601 3111 681 3147 suarm
693 3094 851 3162 impendant
862 3093 991 3155 officium,
1005 3093 1127 3160 alioquin
1139 3111 1220 3148 suum
1233 3094 1330 3161 exequi

96 3179 223 3232 officium
241 3177 396 3232 nullatenus
413 3178 615 3244 permittantur.
629 3177 728 3231 Nullus
744 3182 867 3249 preterea
883 3177 979 3230 talium
992 3177 1025 3228 dc
1038 3177 1106 3230 urbe
1124 3178 1284 3231 admittatur
1295 3177 1330 3230 ad

96 3260 287 3315 testimonium
299 3277 349 3313 nec
360 3261 395 3313 ad
412 3260 522 3327 aliquod
542 3260 681 3327 publicum
693 3259 811 3311 officium
823 3259 866 3311 vel
883 3260 917 3311 ad
935 3259 1054 3324 aliquem
1067 3263 1158 3312 actum
1176 3259 1330 3326 legitimum

96 3363 148 3399 seu
161 3361 305 3397 commune
317 3342 461 3396 consilium
474 3348 640 3405 neumatum
654 3346 680 3395 et
693 3342 739 3409 qui
752 3342 834 3394 talem
847 3341 964 3394 scienter
975 3341 1098 3407 elegerit,
1113 3346 1242 3408 tunquam
1254 3341 1330 3395 here·

96 3429 220 3481 ticomm
243 3428 334 3480 fautor
354 3425 475 3493 predicta
493 3441 562 3492 pena
578 3425 734 3478 mulctetur.
749 3423 864 3476 Senator
886 3425 993 3490 quando
1006 3428 1107 3491 prestat
1130 3423 1172 3476 sui
1190 3425 1331 3491 regiminis

92 3513 296 3577 juramentum,
305 3508 413 3576 jurabit
434 3509 506 3575 quod
517 3507 568 3559 hec
586 3507 677 3560 omnia
695 3511 721 3560 et
738 3506 848 3574 singula
865 3505 893 3558 iu
907 3507 973 3558 urbe
992 3512 1112 3574 tempore
1129 3507 1272 3574 regiminis
1288 3509 1331 3561 sui

97 3592 223 3646 servabit
234 3598 262 3645 et
272 3608 322 3659 pro
333 3591 437 3644 viribus
454 3589 536 3643 faciet
547 3589 683 3643 observari
697 3607 729 3642 ac
746 3594 871 3643 teneatur
882 3590 971 3641 facere
978 3591 1075 3656 jurare
1093 3590 1223 3657 premissa
1240 3591 1332 3644 omnia

97 3690 294 3728 successorem.
309 3674 389 3737 Quod
409 3674 431 3725 si
452 3690 506 3726 nou
525 3672 670 3742 juraverit,
689 3689 738 3739 pro
759 3676 883 3725 senatore
903 3673 1058 3725 nullatenus
1078 3673 1219 3737 habeatem,
1233 3678 1261 3726 ct
1280 3691 1332 3740 que

98 3757 200 3811 feeerit
220 3757 322 3810 nubam
344 3756 463 3809 habeant
482 3757 639 3810 firmitatem
660 3760 687 3809 et
707 3755 798 3808 nullus
818 3759 944 3809 teneatur
963 3755 1039 3822 sequi
1060 3773 1131 3819 eum,
1154 3755 1235 3809 etiam
1256 3755 1278 3808 si
1299 3756 1332 3808 de

97 3841 241 3909 sequendo
257 3839 346 3907 ipsum
363 3839 512 3906 prestiterit
527 3842 724 3906 juramentum.
739 3838 817 3908 Quod
829 3838 852 3890 si
874 3839 996 3905 predicta
1007 3856 1115 3892 servare
1131 3837 1331 3904 contempserit,

97 3930 195 3993 preter
216 3930 306 3976 notam
323 3922 439 3991 perjurii
460 3939 557 3989 penam
577 3923 756 3975 ducentarum
773 3937 929 3974 marcarum
951 3922 1083 3984 incurrat,
1097 3937 1239 3974 murorum
1256 3919 1332 3972 urbis

97 4007 297 4062 refectionibus
317 4007 517 4074 applicandam,
537 4022 586 4058 nec
609 4005 642 4058 de
665 4010 755 4058 cetero
778 4005 812 4057 ad
835 4003 956 4071 aliquam
968 4005 1128 4072 dignitatem
1150 4004 1192 4056 vel
1213 4002 1332 4056 officium

97 4090 245 4159 publicum
262 4093 425 4151 assumatur,
438 4090 472 4141 ad
485 4105 566 4155 quam
579 4104 676 4155 penam
689 4089 700 4154 j
706 4087 796 4139 udices
808 4087 894 4141 sancti
906 4087 1019 4141 Martini
1033 4087 1121 4154 ipsum
1134 4090 1332 4155 condempnare

96 4180 258 4234 teneantur,
271 4179 296 4227 et
308 4173 360 4225 hec
378 4173 406 4224 iu
424 4170 586 4239 capitulario
599 4169 726 4237 judicum
742 4170 926 4236 predictorum
945 4175 1063 4236 ponatur
1074 4176 1101 4223 ct
1120 4171 1195 4224 nullo
1212 4175 1333 4238 tempore

95 4256 202 4311 exinde
223 4254 352 4309 deleatur.
369 4255 468 4308 Omnes
488 4259 578 4307 alitem
600 4253 719 4319 predicte
739 4269 808 4319 pene
829 4270 915 4318 neque
936 4271 985 4319 per
1006 4252 1159 4306 contionem
1178 4271 1264 4320 neque
1284 4269 1334 4320 per

96 4338 250 4393 consilium
262 4357 348 4406 neque
371 4339 406 4391 ad
419 4353 510 4391 vocem
523 4336 616 4403 populi
634 4336 690 4388 ullo
703 4336 783 4388 modo
800 4340 848 4388 aut
862 4335 974 4403 ingenie
987 4335 1080 4402 aliquo
1092 4340 1213 4403 tempore
1224 4335 1333 4389 valeant

95 4424 234 4477 rehum
368 4446 513 4550 Boehmen
535 4489 602 4540 Acta
624 4488 739 4554 imperti
761 4484 868 4546 selecta,
891 4485 950 4538 deel
970 4484 1005 4549 II,
1027 4486 1077 4538 blz.
1099 4488 1148 4538 666
1168 4502 1202 4537 en
1220 4488 1277 4539 667.
1299 4513 1332 4522 -

402 4571 489 4626 Reeds
500 4568 648 4639 afgedrukt
658 4569 695 4633 bij
717 4567 849 4624 Odoricus
866 4567 1034 4635 Rayualdus,
1048 4567 1108 4622 deel
1119 4566 1196 4630 XIII,
1210 4567 1259 4621 blz.
1273 4570 1330 4621 378.
