3194 5408
616 485 717 540 ANNO
736 488 814 539 1232
1297 489 1331 541 87

71 620 124 677 -'-
143 628 205 716 Hij
224 627 335 695 lescht
348 648 386 695 er
397 624 437 695 de
449 622 629 717 pauselijke
644 628 700 695 bul
713 650 777 694 van
791 626 984 695 3Februari
1000 628 1085 694 1232
1098 626 1131 694 in
1144 650 1185 695 θη
1198 628 1328 698 beveelt

73 752 152 799 aan
173 733 268 798 allen
286 753 327 797 θη
343 731 587 820 bijzenderaan
600 734 685 820 zijne
701 732 914 819 rechterlijlre
926 729 1148 812 ambtenaars,
1165 733 1220 799 dat
1233 735 1273 821 aij
1288 734 1328 799 de

71 835 351 921 predikheeren,
369 835 420 901 die
436 836 514 902 dene
527 835 583 902 bul
595 838 704 902 zullen
716 841 909 913 roriconem
927 836 1009 921 goed
1026 835 1151 902 zoutleu
1168 839 1326 905 enthelen

73 960 124 1007 en
155 940 299 1026 helpen,
318 940 399 1006 daer
425 940 484 1006 het
507 940 572 1027 zijn
600 940 747 1025 vurigste
771 940 905 1006 wensch
931 941 959 1005 is
976 940 1015 1006 de
1038 939 1171 1026 ketterij
1190 941 1224 1006 in
1241 941 1326 1028 zijne

72 1042 219 1112 landen
237 1047 272 1110 te
297 1044 368 1109 zien
385 1044 559 1110 uitreeien.

114 1171 278 1232 Henricus,
292 1168 340 1224 Dei
358 1169 449 1239 gratia
460 1171 516 1223 dux
534 1169 736 1238 Letharingiae,
751 1170 885 1224 universis
902 1169 1053 1234 abbatibus,
1066 1168 1236 1237 praepositis,
1249 1170 1325 1224 deca·

73 1254 125 1309 nis
145 1257 180 1308 et
201 1252 269 1306 aliis
288 1251 465 1308 ecelesiarum
488 1251 625 1320 praelatis,
641 1251 805 1320 justiciariis
824 1255 852 1306 et
872 1251 1052 1320 burgensibus
1075 1268 1181 1305 necnon
1202 1252 1328 1306 omnibus

70 1335 257 1392 hominibus
270 1334 344 1389 intra
361 1352 412 1389 sua
430 1333 592 1398 constitutis,
605 1335 640 1388 ad
651 1351 718 1400 quos
730 1339 883 1401 praesentes
894 1333 1001 1388 litterae
1017 1333 1199 1401 pervenerint,
1212 1334 1327 1389 salutem

70 1418 108 1474 in
122 1417 265 1473 Dounino.

112 1500 250 1554 Litteras
260 1497 364 1552 domini
375 1515 462 1566 papae
479 1497 630 1565 recepimus
646 1497 675 1551 in
690 1498 743 1552 hoe
760 1500 858 1551 modo:
873 1520 885 1541 α
905 1497 1053 1566 Gregorius
1070 1497 1220 1567 episcopus,
1233 1516 1326 1552 servus

72 1598 238 1637 servomm
260 1580 320 1644 Dei,
342 1581 442 1635 dilecto
462 1580 519 1633 filio
540 1579 624 1633 nobili
644 1580 704 1633 viro
724 1580 874 1649 Hlenricoh
888 1581 951 1634 duci
969 1579 1143 1644 Brabantiae,
1165 1581 1327 1635 salutemet

73 1662 274 1731 apostolicam
286 1660 511 1717 benedictionem.
525 1660 574 1714 Ille
585 1660 698 1714 humani
710 1661 828 1729 generis,
844 1687 856 1708 υ
868 1679 925 1736 ena.
935 1664 970 1727 (l)

113 1745 197 1799 Cum
208 1761 279 1813 ergo
290 1748 433 1812 praecepto
444 1748 472 1797 et
490 1743 618 1797 mandato
629 1743 733 1796 domini
746 1760 831 1811 papae
843 1743 872 1796 in
883 1744 1009 1798 omuibus
1020 1748 1047 1798 et
1065 1743 1210 1812 praecipue
1221 1744 1250 1797 in
1262 1743 1322 1798 teli-

74 1828 134 1882 bus
148 1843 254 1895 parere
266 1826 382 1880 velimus
392 1832 420 1881 et
442 1827 586 1881 debeamus
598 1826 704 1888 merito,
715 1826 829 1893 ideoque
841 1826 917 1880 vobis
928 1827 1055 1880 omnibus
1063 1829 1232 1889 mandamus,
1244 1844 1324 1895 roga·

76 1928 157 1972 mus,
172 1909 256 1964 vobis
267 1914 358 1963 autem
370 1909 533 1962 officialibus
545 1909 643 1963 nostris
655 1909 778 1962 districte
788 1907 995 1977 praecipientes,
1009 1913 1141 1978 quatenus
1157 1909 1323 1962 exhibitores

78 1990 281 2060 praesentium
300 1995 327 2045 et
346 1992 446 2045 fratres
458 1991 561 2044 ordinis
573 1991 791 2058 praedicatorum
808 1992 842 2044 ad
861 1997 1049 2058 praenotatum
1061 1993 1201 2061 negotium
1222 1994 1323 2060 speciu-

78 2074 152 2129 liter
173 2075 274 2128 misses
290 2075 488 2140 exequendum,
502 2092 564 2127 eum
581 2075 616 2127 ad
636 2092 682 2127 vos
702 2074 835 2137 venerint,
855 2074 971 2141 benigno
988 2074 1127 2142 recipiatis
1139 2079 1166 2128 ct
1177 2074 1322 2143 colligatis,

79 2157 222 2211 inimicos
241 2157 305 2211 lesu
328 2157 430 2212 Christi
453 2166 480 2212 et
503 2157 565 2211 fidei
587 2157 738 2211 catholicae
757 2157 871 2211 rebelles
883 2159 1094 2225 eorumdemque
1111 2159 1227 2211 fratrum
1242 2160 1324 2225 juxta

78 2240 263 2293 uoluntatem
286 2243 313 2293 et
334 2239 494 2294 mandatum
514 2240 636 2308 ipsorum
658 2242 867 2309 compescend03
891 2258 954 2294 nam
972 2241 1138 2295 haereticam
1161 2240 1323 2309 pravitatem

79 2321 263 2391 temporibus
280 2322 380 2377 nestris
402 2340 419 2375 e
441 2322 541 2376 finibus
564 2329 653 2378 terrae
673 2330 781 2378 nostrae
801 2342 863 2377 eum
886 2323 960 2377 omni
981 2323 1114 2378 desiderio
1132 2328 1159 2378 et
1178 2323 1322 2393 diligentia

79 2405 220 2457 volumus
231 2409 260 2458 et
270 2405 428 2459 affectamus
439 2405 584 2473 extirpare.
1310 2395 1314 2403 ¹

119 2486 230 2541 neuun
241 2488 315 2554 apud
325 2487 426 2541 hliram
436 2489 478 2551 (2),
492 2504 564 2541 anno
578 2487 686 2541 Domini
698 2489 894 2553 thCXXXll,
907 2489 945 2542 IV
957 2506 1041 2544 nonas
1052 2489 1129 2544 Maii.

360 2589 463 2657 Ripoll,
476 2590 535 2644 deel
548 2590 569 2653 l,
583 2591 633 2644 blz.
647 2595 678 2645 37
692 2609 727 2646 en
744 2595 785 2655 38,
805 2596 869 2645 noct
880 2596 905 2646 3.
923 2592 1029 2645 -Van
1046 2593 1087 2646 dit
1102 2592 1166 2646 stult
1183 2593 1249 2648 leest
1260 2609 1323 2646 men

363 2731 366 2737 ,
392 2674 488 2726 aldaar
499 2674 559 2738 (blz.
573 2677 613 2736 37,
628 2680 692 2730 noot
702 2680 736 2740 3),
748 2677 795 2730 dat
806 2675 853 2729 het
864 2676 892 2729 in
904 2677 922 2730 't
933 2676 1041 2730 archief
1048 2677 1097 2731 der
1112 2677 1322 2744 predikheeren·

392 2757 458 2810 orde
473 2761 500 2810 te
515 2757 601 2812 Rome
613 2760 739 2813 bewaard
752 2760 842 2813 werd:
858 2786 870 2803 u
884 2777 917 2813 ex
933 2759 985 2813 hoe
1002 2759 1149 2827 diplomate
1164 2759 1194 2814 in
1210 2760 1323 2815 archivo

391 2838 494 2892 ordinis
505 2845 650 2895 asservato.
665 2864 678 2886 n

678 2980 742 3049 87.

139 3135 249 3210 1232,
270 3135 351 3211 ruti,
372 3135 475 3219 (heile
489 3135 526 3211 t).
547 3136 644 3200 Bevel
661 3156 725 3200 ven
743 3136 807 3200 lan
823 3135 853 3198 ΙΙ
871 3156 933 3200 vau
955 3136 1133 3222 Rumigny,
1153 3135 1322 3221 prius-bis-

87 3237 194 3322 sebop
212 3258 276 3302 vau
295 3237 387 3316 Luik,
407 3259 468 3303 nan
486 3238 526 3303 de
542 3238 651 3317 ahten,
671 3238 788 3322 priora,
810 3238 943 3315 delens
961 3240 1118 3324 priesters
1135 3259 1176 3304 en
1200 3240 1321 3306 andere

88 3339 290 3427 geestelijke
313 3361 473 3425 personen
498 3361 564 3406 van
588 3342 651 3428 zijn
677 3340 812 3418 hisdem,
832 3341 967 3428 waarbij
993 3343 1038 3429 hij
1057 3343 1124 3407 hun
1149 3350 1237 3409 eerst
1258 3343 1321 3409 den

88 3445 185 3512 telssl
199 3445 259 3508 der
272 3444 450 3532 pauselijke
463 3443 517 3510 bul
530 3465 594 3511 van
607 3445 785 3529 Gregorius
798 3445 846 3510 lX
859 3444 986 3532 (Reme,
999 3449 1021 3513 5
1034 3444 1210 3511 December
1223 3446 1323 3534 1227)

89 3547 290 3625 mededeelt,
310 3549 436 3613 waurin
459 3569 523 3614 aen
547 3548 586 3614 de
610 3547 928 3633 aurtshisscheppen,
952 3547 1179 3633 bissehoppen,
1207 3549 1318 3627 ahten,

89 3653 215 3737 priors,
232 3672 303 3716 enz.
320 3651 378 3715 der
391 3652 619 3718 Christeuheid
632 3651 768 3718 bevelen
784 3652 892 3716 werdt
906 3652 944 3717 de
959 3651 1196 3735 predikheeren
1211 3655 1321 3719 overal

90 3755 179 3840 goed
204 3761 238 3820 te
261 3755 431 3826 enthelen,
452 3756 560 3822 omdat
578 3756 616 3842 zij
635 3757 674 3821 de
691 3756 822 3842 ketterij
840 3754 1048 3839 hardnelrkig
1063 3754 1256 3822 bevecuten.
1277 3757 1321 3822 De

88 3857 249 3942 bisscbop
272 3858 428 3926 verzeekt
444 3859 530 3945 zijue
554 3859 816 3945 geestelijkheid,
836 3860 892 3925 dat
916 3859 956 3945 zij
974 3859 1025 3924 die
1041 3858 1094 3924 bul
1113 3859 1193 3943 goed
1211 3880 1270 3927 zeu
1289 3860 1320 3925 in

88 3963 173 4029 acht
191 3983 306 4027 nemen
325 3962 357 4026 iu
371 3962 452 4028 hare
469 3962 707 4047 betrekkiugen
721 3969 787 4028 met
804 3964 867 4028 den
880 3964 968 4048 prior
981 3983 1019 4027 θη
1037 3960 1076 4027 de
1090 3962 1244 4027 broeders
1256 3984 1320 4029 ven

89 4067 152 4133 het
170 4066 556 4151 predikheereuklooster
572 4071 605 4131 te
622 4067 703 4132 Luik
716 4066 777 4151 (3).

99 4212 729 4222 ——-——-—---—-.--—-.-——.
765 4213 1314 4223 -‚——-—,—-....—-—.-—-——.

123 4265 162 4328 (l)
171 4261 218 4315 Zie
229 4262 333 4330 hooger
344 4279 392 4315 ons
404 4273 433 4315 nr
444 4265 485 4316 83.

125 4344 430 4411 t2)l'ulgod1irceeurt
443 4344 471 4397 iu
485 4344 665 4413 Lothariugia
676 4345 819 4413 superiori.
832 4346 934 4413 (Ripoll
947 4345 968 4407 l,
981 4350 1022 4407 38,
1037 4352 1101 4399 noct
1112 4348 1148 4409 3.)

124 4430 165 4492 (3)
182 4428 291 4480 Zeuden
309 4444 341 4479 er
357 4427 567 4492 moeilljkheden
579 4433 692 4482 oustaau
709 4432 761 4494 zlju
777 4430 902 4483 tusschen
920 4430 952 4482 de
971 4429 1107 4482 Luiksche
1118 4426 1325 4496 guestelijkheid

87 4530 125 4567 en
138 4512 175 4564 de
186 4510 301 4578 enlangs
313 4509 516 4577 aengekomeue
529 4509 746 4577 predikheerenl
