3194 5408
605 533 707 588 anuo
726 534 802 588 risa
1266 520 1315 589 '3³5

82 670 270 740 approbatam
280 686 314 726 ac
324 671 380 726 alia
396 672 513 742 grandia
523 672 657 728 virtutum
669 673 797 742 insignia,
816 672 914 740 quibus
930 687 1073 739 personam
1089 674 1165 726 tuam
1181 673 1314 727 bonorum

82 753 169 808 dator
179 753 329 809 altissimus
337 755 485 819 decoravit,
497 772 531 810 ea
542 773 612 824 quae
622 756 786 824 gravissunt
799 754 925 823 ponderis
935 754 986 809 tibi
998 753 1162 809 fiducialiter
1170 755 1314 810 committi·

82 852 159 900 mus,
176 842 317 904 sperantes
334 837 458 901 firmiter,
471 836 539 905 quin
556 838 647 906 potius
663 855 713 906 pro
731 842 805 892 certo
822 841 952 900 tarentas,
965 837 1037 904 quod
1054 837 1088 890 ad
1107 836 1155 890 illa
1169 837 1317 892 efficaciter

81 917 248 985 exequenda
264 918 401 974 romenei
416 918 550 984 intendas,
569 919 704 974 intentum
722 918 808 973 animi
826 919 930 986 dirigas
948 922 976 973 et
991 935 1119 986 operosae
1136 919 1316 973 solicitudinis

80 998 179 1053 studio
191 1001 371 1068 prooequaris.
386 1000 457 1055 Hinc
474 1006 524 1065 est,
537 1003 609 1068 quod
629 1019 685 1064 nos,
700 1002 747 1068 qui
765 1001 947 1054 desideramus
965 1006 992 1055 et
1013 1001 1040 1053 in
1058 1002 1127 1054 votis
1143 1001 1272 1069 gerimus,
1285 1006 1315 1055 ut

80 1081 155 1135 tides
167 1081 303 1136 catholica
319 1083 419 1138 nostris
429 1089 604 1152 prosperetur
615 1085 782 1151 temporibus
793 1090 820 1138 at
837 1084 956 1151 pravitas
969 1101 1158 1151 perversorum
1174 1084 1315 1138 hominum

79 1162 114 1216 in
132 1180 223 1233 regno
234 1166 367 1221 Franciae
377 1166 529 1236 vigentium
546 1169 580 1223 de
596 1168 696 1222 finibus
714 1168 835 1222 fidelium
846 1168 1005 1235 extirpetur,
1019 1167 1093 1221 cirea
1109 1168 1316 1236 extirpationem

79 1247 204 1302 eandem
215 1248 360 1304 salubriter
371 1254 399 1304 at
408 1251 515 1305 utiliter
526 1250 668 1318 providere
680 1251 856 1313 intendentes,
865 1255 901 1313 te,
911 1250 967 1317 qui,
977 1254 1009 1304 ut
1019 1251 1157 1316 asseritur,
1171 1251 1317 1320 inquisitor

79 1327 393 1399 hoemucaepraviutis
404 1331 566 1387 auctoritate
578 1331 823 1400 sedisapostolicae
835 1332 979 1399 deputatus
989 1330 1091 1396 existis,
1104 1330 1135 1385 in
1142 1349 1228 1401 regno
1240 1350 1315 1401 prae·

78 1412 164 1467 dicto
183 1429 246 1466 cum
263 1413 389 1468 omnibus
398 1421 427 1469 et
442 1415 558 1484 singulis
574 1415 801 1478 immunitatibus,
815 1414 976 1484 privilegiis,
989 1415 1087 1483 gratiis
1103 1420 1130 1471 et
1145 1416 1318 1472 libertatibus

79 1494 297 1564 inquisitoribus
315 1495 405 1551 dictae
421 1498 563 1564 pravitatis
579 1500 673 1567 ajuro
696 1499 739 1552 vel
757 1496 951 1552 consuetudine
972 1497 1104 1553 hactenus
1124 1499 1265 1564 concessis,
1288 1499 1317 1554 in

79 1576 180 1633 causis
192 1577 335 1633 haeresum
351 1578 540 1648 inquisitorem
552 1580 676 1644 facimus,
690 1580 881 1636 constituimus
892 1585 919 1636 et
935 1581 1018 1636 etiam
1035 1582 1204 1649 deputamus,
1223 1583 1317 1636 dantes

79 1664 113 1715 et
121 1660 302 1715 concedentes
313 1664 409 1715 contra
419 1662 574 1730 praedictae
585 1661 739 1716 haereticae
750 1661 893 1729 pravitatis
902 1663 1049 1727 credentes,
1058 1666 1218 1729 receptores,
1230 1664 1316 1718 saute-

80 1757 131 1797 ras
142 1746 173 1797 et
182 1741 334 1797 defensores
342 1758 446 1807 eorum,
459 1747 515 1796 tam
527 1741 723 1797 ecclesiasticas
734 1760 816 1810 quam
834 1744 968 1798 seculares
980 1743 1121 1812 utriusque
1133 1761 1211 1798 sexus
1227 1762 1316 1812 perso·

80 1841 148 1890 nas,
166 1828 303 1893 exemptas
320 1830 348 1880 et
366 1841 421 1878 non
437 1829 583 1893 exemptas,
602 1827 797 1894 cujuscumque
818 1826 901 1881 etiam
924 1826 1074 1895 dignitatis,
1092 1830 1186 1891 status,
1204 1828 1315 1895 gradus,

79 1906 195 1962 ordinis
205 1907 249 1961 vel
268 1905 430 1961 conditionis
449 1906 574 1971 existant,
594 1924 699 1961 necnon
717 1908 862 1963 infamatos
880 1909 923 1962 vel
940 1914 1076 1977 suspectos
1093 1909 1127 1963 de
1143 1909 1247 1963 haeresi
1269 1914 1318 1964 aut

79 1987 229 2044 amnem
251 1988 395 2056 praedictis
415 1988 577 2057 procedendi
597 2006 630 2042 ac
648 1989 769 2042 officium
792 1989 962 2057 inquisitoris
981 1991 1031 2045 tibi
1059 1989 1231 2044 commissum
1256 2008 1316 2045 exc·

79 2070 201 2141 quendi,
212 2088 282 2139 quae
292 2072 398 2140 dejure
408 2073 452 2125 rel
461 2071 656 2126 consuetudine
667 2072 841 2140 inquisitores
853 2073 994 2141 pravitatis
1005 2073 1159 2141 praedictae
1171 2074 1315 2141 quomodo·

77 2155 157 2210 libet
175 2154 265 2208 tacere
285 2160 483 2208 consueverunt
499 2171 547 2208 seu
563 2153 647 2208 etiam
666 2161 823 2222 potueruut,
845 2157 951 2223 plenam
969 2161 996 2211 et
1018 2157 1133 2210 liberam
1155 2155 1317 2210 auctoritate

76 2234 239 2305 apostolica
253 2238 346 2289 tenore
364 2234 547 2303 praesentium
567 2235 740 2290 concedimus
757 2237 922 2292 facultatem.
936 2238 990 2291 Per
1008 2237 1207 2292 concessionem
1223 2242 1316 2291 autem

76 2317 246 2389 hujusmodi
257 2335 312 2373 non
328 2317 494 2372 intendimus
505 2319 631 2386 potestati
642 2319 866 2387 acjurisdictioni
877 2320 995 2374 aliorum
1007 2320 1199 2389 inquisitorum
1210 2337 1227 2372 a
1239 2319 1316 2374 nobis

75 2403 128 2457 rel
141 2401 207 2455 aliis
217 2400 253 2454 ad
264 2400 317 2454 hoc
328 2399 518 2455 auctoritatem
530 2399 693 2454 habentibus
704 2402 895 2468 deputatorum
907 2401 937 2455 in
948 2403 1040 2469 aliquo
1049 2403 1189 2470 derogare.

114 2485 223 2540 Datum
235 2483 339 2538 Romae
350 2483 423 2551 apud
433 2488 556 2537 sanctum
569 2483 692 2546 Petrum,
706 2499 777 2536 anno
789 2483 985 2538 incarnationis
1001 2484 1159 2538 Dominieae
1171 2482 1315 2539 millesimo

73 2564 356 2636 quadringentesimo
373 2562 606 2633 quinquagesimo,
625 2573 722 2630 quarto
740 2564 800 2616 idus
817 2564 929 2630 Aprilis,
947 2565 1119 2633 pontificatus
1140 2565 1226 2621 nostri
1243 2583 1315 2621 anno

73 2646 206 2717 septimo
216 2648 260 2712 (1).

349 2759 450 2828 Ripoll,
474 2760 534 2814 decl
550 2759 598 2823 ΠΙ,
617 2759 667 2812 blz.
689 2763 746 2813 317.
765 2760 846 2814 -In
864 2760 926 2813 dere
944 2760 992 2813 bul
1009 2761 1071 2815 lieet
1093 2761 1127 2815 de
1150 2760 1313 2828 inquisiteur

382 2844 490 2899 Roland
503 2844 537 2895 dc
549 2844 641 2909 Cosic3
652 2843 766 2897 maerin
775 2861 824 2897 cen
833 2845 918 2898 ander
926 2844 990 2899 stuk
1001 2861 1054 2898 van
1064 2846 1117 2899 den
1128 2848 1161 2899 28
1172 2846 1238 2899 luni
1249 2850 1312 2900 1471

382 2926 432 2991 (zie
443 2927 539 2980 verder
550 2944 598 2979 ons
610 2938 639 2979 nr
651 2928 708 2990 347)
718 2930 809 2980 noemt
820 2926 858 2993 hij
871 2925 1022 2980 zichzelven
1038 2928 1064 2978 le
1076 2928 1161 2982 Cosic.
1175 2927 1207 2981 In
1220 2927 1313 2995 Ripoll

383 3009 457 3062 lezen
468 3012 512 3074 wi]
530 3008 597 3082 ooli:
618 3029 630 3051 a
650 3007 790 3062 Rolandus
807 3008 842 3060 de
859 3009 937 3062 Cosic
953 3025 1000 3062 seu
1018 3009 1058 3060 Le
1075 3010 1162 3072 Corio,
1182 3015 1213 3064 ut
1235 3027 1313 3064 voca·

382 3092 428 3142 tur
444 3091 517 3157 apud
534 3089 651 3153 Echard,
665 3094 736 3143 tome
752 3090 766 3144 I
780 3091 912 3158 scriptor.
928 3089 994 3142 Orat.
1008 3090 1043 3143 ad
1059 3107 1104 3144 an.
1118 3090 1310 3155 MCCCCLIV,

382 3187 444 3239 pag.
458 3174 515 3225 813.
531 3195 543 3218 η

659 3367 751 3434 295.

134 3563 243 3644 1453,
263 3564 412 3630 aava.
432 3561 613 3629 Uittrelrsel
638 3562 686 3626 uit
702 3559 853 3624 Molanus
870 3556 942 3641 (16θ
958 3555 1066 3642 eenw)
1090 3573 1170 3620 over
1182 3554 1315 3621 Antoon

72 3671 249 3736 Laecman
266 3686 330 3733 van
354 3668 432 3744 Zon,
452 3665 503 3731 die
520 3669 629 3731 rector
646 3665 704 3730 der
720 3661 929 3728 Leuvensche
945 3659 1162 3744 hougeschool
1179 3679 1262 3741 waS,
1280 3660 1313 3724 in

77 3770 180 3838 1453
196 3768 292 3836 stierf
302 3789 344 3837 eu
356 3769 617 3856 waarschijnliJ'k
630 3767 823 3852 inquisiteur
840 3766 867 3830 is
884 3770 1040 3848 geweest.

121 3953 357 4007 Commemoratio
369 3954 549 4007 celebriorum
561 3955 751 4022 professorum
756 3954 775 4018 j
779 3955 846 4005 uris.

178 4037 316 4089 Antonias
333 4038 483 4101 Laecmon,
506 4054 524 4089 α
544 4037 613 4089 Zon.
631 4037 673 4090 Ab
693 4034 917 4089 vicecancellario
940 4032 1094 4088 Hcimerico
1117 4032 1313 4099 pronunciatus
1333 4048 1336 4052 ·

118 4299 158 4363 (l)
176 4294 215 4350 Te
226 4295 303 4350 recht
319 4297 408 4350 merkt
417 4297 451 4350 de
461 4297 586 4363 nitgever
596 4296 658 4350 hier
669 4313 712 4363 op,
725 4297 772 4350 dat
783 4314 813 4349 er
824 4296 893 4350 niets
904 4313 956 4349 aen
973 4295 1026 4348 den
1036 4295 1131 4348 datum
1148 4293 1253 4360 hapart.
1267 4291 1311 4356 Hij

77 4385 169 4451 zegt:
184 4401 197 4424 u
211 4381 367 4449 Legendum
378 4379 449 4444 LIII,
463 4398 525 4434 cum
537 4381 709 4448 pontificatus
720 4398 807 4433 annus
824 4380 953 4447 septimus
971 4378 1150 4444 asscribatur3
1168 4378 1210 4431 vel
1222 4376 1314 4430 dicon·

77 4469 155 4523 dum
167 4466 240 4531 quod
256 4465 357 4520 erravit
375 4462 548 4517 amanuensis
564 4463 593 4516 in
610 4463 669 4530 ipso
687 4463 859 4530 pontificatus
879 4480 960 4527 anno,
972 4466 1000 4517 et
1011 4461 1184 4517 scribendum
1199 4477 1205 4513 :
1220 4458 1312 4513 Ponti·

78 4551 187 4606 fleatus
199 4548 284 4604 nostri
295 4564 366 4603 anno
378 4551 484 4615 quarto,
499 4546 601 4603 Christi
612 4546 764 4603 Mececi.
781 4570 792 4591 n
