3194 5408
559 536 660 594 ΑΝΝΟ
677 555 701 592 6.
721 539 797 592 1380
1248 540 1298 594 219

63 675 171 732 moniis
188 691 224 731 ac
239 680 349 746 panrrm
364 678 509 735 sentenciis
524 678 618 749 sicque
634 683 754 736 mmatus
773 679 911 751 ingressus
921 684 963 737 est
978 681 1089 747 bellum,
1102 681 1125 737 si
1142 699 1196 752 quo
1212 684 1292 739 modo

62 764 160 828 posset
178 758 216 814 de
238 759 315 815 hoste
333 760 456 817 obtinere
475 761 654 832 triumphum.
676 758 796 818 Cernens
817 768 909 819 eutem
930 764 975 818 vir
995 764 1046 819 Dei
1068 765 1158 820 hostes
1179 765 1209 820 in
1228 784 1291 821 erce

62 846 213 897 manentes
223 843 380 900 subvertere
389 845 521 914 populum
531 847 604 901 unde
615 845 747 901 Dominus
763 847 865 901 solebat
881 851 1024 915 protegere
1040 865 1102 902 eum
1114 852 1195 916 atque
1205 850 1293 904 multe

61 925 183 980 evolm
192 925 383 982 oemdalomm
389 928 485 995 jacula
499 928 573 983 unde
585 929 707 983 solebant
722 944 849 984 emanare
859 930 990 984 6111116111
1000 930 1204 995 medicamenta,
1217 932 1293 986 velut

62 1006 149 1077 pugil
160 1010 321 1064 eburnus...
333 1012 360 1064 et
373 1009 499 1065 invocato
510 1009 657 1065 fortissimo
668 1010 718 1067 Dei
729 1011 843 1066 brachio
854 1011 930 1067 verbi
946 1011 995 1066 Dei
1011 1013 1103 1081 gladio
1114 1013 1178 1069 totis
1189 1012 1293 1068 viribus

61 1088 215 1160 ntagebat
234 1107 352 1160 purgem
361 1094 390 1148 et
404 1088 494 1147 hostes
504 1091 664 1148 debellando
680 1091 744 1148 inde
758 1093 901 1163 projicere.
915 1094 1071 1150 predicavit
1088 1094 1161 1150 enim
1173 1093 1293 1164 Traiecti

62 1188 166 1228 eornm
177 1172 306 1227 universo
317 1173 389 1228 clero
408 1174 521 1244 longum
538 1178 567 1229 et
585 1176 751 1243 solempnem
768 1191 919 1230 sermonem
932 1181 1028 1231 contra
1043 1177 1183 1233 focaristss
1193 1194 1294 1247 rogans

61 1255 97 1310 in
107 1254 196 1310 initio
205 1254 364 1311 innocentes
373 1261 405 1311 ut
415 1257 555 1312 disoedant
565 1258 600 1311 eb
611 1257 666 1310 biis
676 1257 840 1326 turpissimis
851 1257 1061 1314 fornicatoribus
1071 1276 1159 1329 neque
1173 1262 1293 1316 favorem

63 1354 163 1406 neque
180 1336 350 1394 memmae
367 1340 511 1408 preberent
527 1340 583 1394 eie:
604 1360 617 1384 u
630 1339 768 1406 Recedite,
785 1341 921 1408 inquiens,
939 1342 1073 1397 recedite!
1093 1343 1171 1398 Exite
1187 1344 1251 1399 inde
1267 1348 1295 1399 et

63 1419 210 1488 pollutum
220 1419 305 1487 nolite
316 1423 444 1490 tangere!
460 1446 473 1468 n
486 1421 601 1476 Domum
612 1438 757 1491 eggressus
768 1427 809 1478 est
820 1423 892 1491 ipsos
903 1423 1072 1492 turpissimos
1083 1425 1196 1480 ecclesie
1205 1426 1294 1482 hostes

64 1506 96 1557 et
105 1502 262 1556 multorum
273 1509 427 1557 sanctorum
436 1502 572 1557 dictorum
584 1503 792 1558 auetoritatibus
803 1503 892 1558 valide
904 1504 1050 1572 prostravit
1059 1523 1113 1560 eos.
1125 1505 1192 1570 Quis
1203 1511 1294 1562 autem

63 1584 180 1639 11116166
190 1600 242 1653 pro
257 1587 323 1638 111116
333 1585 428 1639 saltem
443 1584 508 1639 inde
524 1590 632 1640 secutus
644 1588 683 1640 est
699 1589 829 1653 tempore,
841 1590 956 1641 testatur
970 1587 999 1640 in
1015 1586 1128 1655 epistole
1145 1589 1179 1643 ed
1195 1590 1294 1660 magis·

63 1668 146 1721 enm
158 1660 346 1720 Guilbelmum
357 1656 496 1722 cantorem
508 1666 688 1721 parisiensem
697 1669 731 1733 (1)
742 1666 781 1721 its
792 1666 899 1721 dicens:
914 1689 925 1711 u
937 1668 977 1723 De
988 1669 1188 1724 concubinariis
1199 1688 1293 1726 verum

64 1748 177 1804 dicitur
186 1749 260 1818 quod
270 1765 326 1804 aon
335 1754 399 1804 sunt
414 1766 508 1805 omnes
518 1751 641 1818 corrupti
658 1768 705 1805 seu
717 1750 835 1818 correpti
850 1750 967 1806 etmulti
984 1751 1166 1806 conscienscia
1176 1754 1290 1809 onerati.

64 1830 165 1895 Multi,
188 1830 314 1896 credatis,
326 1832 460 1887 emendati
482 1837 546 1888 sunt
568 1833 736 1901 simpliciter,
749 1850 865 1901 quornm
887 1833 959 1887 Deus
982 1833 1072 1902 tetigit
1094 1836 1184 1889 corde.
1208 1837 1290 1891 Multi

64 1913 155 1969 enam
166 1913 262 1968 mitius
272 1920 367 1984 agunt,
379 1915 473 1969 multis
489 1915 631 1969 fornicarii
648 1920 711 1970 sunt
727 1916 912 1983 opprobrium.
927 1917 963 1969 Os
974 1916 1128 1970 volencium
1140 1935 1185 1970 eos
1201 1919 1290 1972 deien-

65 1995 144 2061 dere,
157 1996 207 2064 qui
223 1998 330 2065 pejores
344 1997 384 2051 eis
400 2002 464 2052 sunt
480 2002 508 2052 et
527 1999 605 2062 fiunt,
623 1999 792 2053 obstructum
808 2001 857 2052 est.
870 1998 971 2065 Aliqua
987 1999 1104 2068 collegia
1120 2000 1149 2054 in
1167 2000 1292 2068 Trajeoto

65 2079 204 2135 mundate
225 2083 300 2144 sunt,
325 2080 416 2148 eliqua
441 2080 531 2135 adhuc
559 2081 705 2136 sordidata.
736 2080 934 2146 Hereticorum,
957 2082 1004 2150 qui
1033 2082 1145 2136 ecclesie
1173 2099 1221 2150 per
1248 2101 1293 2137 eos

66 2163 250 2227 insultabant,
271 2178 300 2216 os
320 2163 488 2218 obstructum
507 2163 654 2219 66111166
672 2164 721 2219 ille
739 2165 848 2218 demum
865 2168 896 2219 ut
912 2166 1042 2232 populum
1058 2181 1075 2218 a
1093 2164 1292 2232 predicatorum

65 2245 256 2300 beneficorum
274 2243 465 2298 infectionibus
484 2249 592 2300 66116161
613 2251 694 2314 atque
713 2247 876 2309 defenderet,
898 2264 1006 2300 omnem
1025 2246 1194 2314 diligentiam
1214 2248 1290 2301 adhi-

66 2326 140 2382 buia
154 2325 331 2381 Discurrebat
346 2342 395 2394 per
410 2327 574 2395 provincias,
594 2328 731 2383 scribebat
747 2328 882 2395 epistolas.
901 2328 1063 2382 Informnvit
1078 2329 1171 2383 doctos
1191 2330 1293 2397 pariter
1320 2327 1322 2330 ⁴

10 2430 12 2435 ·
66 2411 97 2464 et
117 2407 243 2464 indoctos
261 2422 367 2462 necnon
386 2412 414 2464 et
431 2409 609 2464 ecclesiarum
628 2410 745 2478 prelatos
768 2415 900 2477 quatenus
919 2408 971 2462 sibi
993 2427 1026 2463 ac
1046 2408 1102 2464 suis
1124 2410 1238 2466 subditis
1258 2415 1292 2467 ab

66 2489 229 2561 1111116116ᾶί
255 2492 383 2561 luporum
403 2490 510 2547 insidiis
532 2495 611 2546 ceute
632 2490 792 2561 vigilarent.
823 2491 887 2561 Egit
909 2491 992 2547 etiam
1015 2494 1088 2560 apud
1110 2495 1292 2550 venerabilem

66 2573 229 2644 potificem
239 2572 411 2628 Florencium
429 2578 586 2643 ceterosque
602 2575 720 2643 prelatos
730 2579 862 2642 quatenus
878 2575 1009 2629 canonice
1025 2580 1120 2631 contra
1137 2594 1182 2631 eos
1198 2593 1290 2646 proce·

67 2659 184 2727 desent3
197 2658 271 2726 qued
285 2662 313 2714 et
328 2658 431 2713 netum
446 2663 505 2726 eet;
526 2676 589 2713 nem
605 2658 710 2728 primus
729 2663 789 2727 post
808 2664 923 2714 mortem
938 2660 972 2713 de
989 2659 1133 2726 sepulchro
1145 2663 1290 2724 extractus,

66 2743 111 2796 est
120 2738 232 2808 publice
242 2740 405 2795 combustus.
419 2740 508 2795 Ceteri
525 2742 579 2795 duo
590 2758 653 2794 cum
664 2740 716 2794 sibi
734 2740 926 2794 adherentibus
936 2741 971 2794 ed
986 2740 1159 2808 punicionem
1171 2739 1290 2795 revocati

66 2819 260 2876 sanccimus
275 2819 358 2876 etiarn
375 2821 540 2890 Campensis,
557 2821 605 2875 ubi
625 2823 743 2876 maxime
761 2822 917 2890 hujusmodi
937 2839 1015 2876 error
1034 2822 1132 2891 viguit,
1145 2840 1197 2890 que
1217 2822 1293 2891 prius
1343 2856 1346 2864 ·

66 2901 162 2958 virum
170 2902 222 2958 Dei
232 2903 425 2959 hereticorum
436 2920 512 2957 more
524 2903 649 2958 dentibus
659 2903 820 2971 discerpere,
833 2901 944 2972 ignibus
955 2905 1115 2959 comburere
1125 2909 1153 2959 et
1164 2905 1291 2959 1116111166

66 2986 178 3056 opu-irs
189 2984 281 3055 potius
296 2987 404 3041 volebat
422 3003 505 3054 quam
521 2986 609 3041 eidem
625 2985 772 3040 salubriter
783 2987 940 3051 auscultari,
952 3003 1005 3054 quo
1025 2986 1107 3041 etiem
1127 2986 1291 3054 discipulum

65 3073 127 3140 ejus
138 3068 317 3133 Wermerum,
328 3073 461 3124 rectorem
477 3069 550 3123 scole
562 3068 725 3136 Campensis,
737 3069 832 3123 eadem
843 3069 877 3123 de
888 3086 998 3122 caussa
1014 3086 1042 3123 se
1057 3071 1206 3137 expulerat,
1218 3089 1290 3125 nunc

65 3167 117 3221 per
128 3149 313 3204 mutacionem
324 3151 417 3206 dextre
435 3151 541 3205 Excelsi
558 3156 585 3206 et
602 3151 818 3219 predicacionem
829 3151 872 3210 sui
890 3152 984 3205 famuli
1002 3152 1031 3205 in
1048 3157 1155 3207 tantum
1172 3158 1212 3208 est
1230 3155 1291 3208 illu·

64 3232 174 3288 minata
190 3235 219 3287 61
234 3234 268 3286 ad
285 3230 409 3288 divinum
426 3232 530 3287 cultum
544 3237 680 3301 provecta,
699 3237 730 3287 ut
749 3233 831 3302 hujus
848 3234 910 3288 novi
929 3235 1043 3288 fervoris
1062 3252 1133 3289 nova
1152 3235 1291 3305 virginum

10 3389 12 3392 Ι
64 3313 236 3370 monasterie
257 3319 396 3370 construat
426 3332 460 3369 ac
481 3315 614 3369 famulum
636 3315 686 3370 Dei
713 3316 871 3371 defunctum
894 3320 1066 3382 venerentur,
1096 3334 1176 3385 quem
1199 3318 1291 3372 vivum

63 3398 309 3468 persequebantur.

338 3508 401 3564 Vua
411 3511 545 3579 Magistri
559 3508 682 3564 Gerardi
694 3509 795 3578 Magni
806 3525 861 3578 per
875 3507 1021 3563 dominum
1032 3510 1149 3564 Petrum
1160 3511 1290 3564 Humum

362 3591 473 3656 6611616,
485 3591 697 3646 111111166111111110
709 3591 1099 3659 8819-8859161116111111116
1117 3590 1289 3648 Bibliotbeek

361 3678 388 3728 16
399 3673 520 3738 Brussel,
532 3674 579 3727 fol.
594 3677 610 3727 9
621 3690 698 3727 verso
709 3691 743 3727 611
757 3678 839 3727 11-
850 3673 938 3728 Reeds
948 3675 1134 3742 grootendeels
1144 3675 1290 3743 afgedrukt

362 3756 431 3810 door
440 3755 489 3810 W.
503 3755 579 3820 Moll,
603 3753 684 3810 Geert
703 3753 804 3808 616616
820 3755 863 3808 als
881 3755 1064 3809 ketterbamer
1080 3755 1110 3809 in
1125 3756 1160 3809 de
1174 3755 1289 3808 8111111111

361 3854 396 3890 cu
413 3834 570 3906 Bijdrogen
588 3854 622 3906 op
639 3837 655 3887 ’1
669 3834 769 3905 yebied
786 3835 837 3888 der
852 3834 1016 3890 11116116σή6
1033 3835 1176 3906 theologie,
1188 3838 1248 3891 (1661
1266 3838 1288 3901 Ι,

361 3919 412 3974 blz.
432 3921 482 3973 344
501 3936 536 3972 en
554 3919 638 3986 volg,
661 3918 764 3970 alwaar
785 3916 839 3972 ools
860 3934 925 3973 6161
947 3919 980 3973 de
1000 3918 1059 3973 drie
1080 3918 1290 3986 bovengemelde

362 4000 463 4054 ketters
479 3998 632 4069 gehandeld
643 4000 739 4052 werdt.

94 4306 133 4370 (1)
151 4301 221 4358 llier
239 4303 327 4358 werdt
346 4303 460 4359 bedoeld
479 4301 594 4359 Willem
609 4304 644 4359 da
661 4304 849 4369 Salvevarilla,
868 4309 963 4359 cantor
979 4318 1033 4357 ven
1050 4303 1140 4370 Parljs
1156 4319 1190 4357 en
1207 4303 1291 4355 sarte-

60 4388 166 4444 dialsen
183 4404 238 4442 van
255 4388 377 4443 Brabent
394 4387 443 4453 (zie
460 4388 557 4442 verder
574 4406 623 4443 ons
639 4389 703 4443 stuls
720 4400 749 4442 nr
767 4392 832 4454 235).
847 4388 897 4444 Die
917 4387 990 4442 briei
1007 4405 1060 4440 vnn
1081 4387 1162 4442 Geert
1182 4385 1290 4440 Groote»

60 4488 195 4525 waarran
208 4470 306 4525 Petrus
319 4471 413 4525 lloorn
425 4470 486 4525 hier
497 4488 547 4525 een
560 4470 703 4526 uitneksel
716 4471 872 4534 mededeelt,
886 4471 963 4525 komt
974 4470 1030 4524 niet
1041 4486 1107 4523 1661
1119 4471 1155 4534 bij
1168 4471 1290 4537 Aequoy’

64 4555 192 4612 Gerardi
204 4555 306 4623 Magni
317 4553 508 4622 epistolach
514 4554 542 4607 V.
