3194 5408
298 477 345 528 424
809 471 910 526 ANNO
929 474 1005 525 1472

331 613 363 665 F.
376 611 498 665 loannes
516 612 551 666 de
568 613 700 667 Bomalia
718 614 880 678 Brabentus,
895 631 912 666 e
924 612 1035 667 Bomelo
1047 613 1305 669 Gallo-Brehantiae
1323 631 1380 668 non
1400 617 1498 682 procul
1515 634 1531 670 a

300 695 452 750 Geldenaoo
469 694 530 749 vieo
548 698 664 749 ortus...
687 697 712 749 A
730 696 816 749 Paulo
834 696 860 750 Il
877 700 925 749 aut
945 694 1022 749 Sixto
1042 694 1080 749 lV
1100 694 1241 750 institutus
1257 696 1312 751 fuit
1332 713 1383 765 per
1401 698 1532 767 Belgium

298 778 426 832 adversus
436 777 603 832 haereticam
615 777 776 846 pravitatem
789 778 935 846 inquisitor
946 778 1091 847 generalis,
1105 795 1191 845 eoque
1208 779 1288 833 titulo
1300 781 1531 838 abuniversitate

300 859 461 914 Lovoniensi
481 864 606 928 acceptus
626 864 653 914 ot
675 861 806 914 admissus
827 861 877 916 v11
894 860 956 917 idus
980 862 1110 916 Novemb.
1131 861 1389 919 Medeam...
1415 864 1531 919 Lorenii

298 941 367 997 obiit
377 960 431 997 xxv
443 942 569 998 Docomb.
584 943 845 998 MCCCCLXXVII.

563 1066 700 1129 unomen
713 1048 829 1131 ucham,
839 1066 899 1121 <1001
910 1066 931 1130 1,
943 1066 993 1121 uz.
1008 1069 1107 1122 ess-
1118 1065 1242 1131 swoeru,
1254 1067 1384 1124 vnenus
1396 1069 1532 1134 mum,

595 1148 719 1216 Soguier,
733 1149 772 1203 De
783 1148 901 1216 longhe,
909 1148 1038 1217 ¹Foppens
1049 1165 1084 1202 en
1096 1148 1202 1216 Pequot
1214 1149 1322 1206 hebben
1332 1152 1375 1208 dit
1387 1170 1533 1224 negenoeg

596 1230 800 1299 uigoschreven.

870 1421 961 1489 848.

354 1623 441 1690 Voor
456 1622 649 1692 November
667 1623 771 1701 1472,
792 1622 985 1709 Kommjh.
1012 1622 1149 1690 Oordeol
1173 1645 1236 1691 van
1253 1624 1318 1691 den
1343 1626 1537 1714 Kamerijk·

305 1726 405 1792 sohen
421 1725 527 1793 delion
542 1727 676 1802 Carlier,
697 1747 736 1812 op
755 1725 894 1791 vorzoek
918 1725 976 1791 der
999 1726 1355 1812 mommsen-generosi
1378 1748 1450 1794 van
1475 1729 1537 1795 den

303 1830 454 1916 bissuhop
471 1851 536 1898 vau
553 1829 723 1916 Kamerijk
739 1828 986 1919 uitgesproken‚
1002 1851 1081 1897 over
1093 1832 1233 1919 hetgeen
1247 1852 1283 1897 er
1294 1837 1331 1898 te
1348 1832 1438 1900 doen
1451 1838 1539 1901 steat

304 1942 362 2006 ten
390 1936 539 2021 opziohte
567 1952 631 1998 van
663 1952 767 1999 eonon
794 1932 916 2009 letter,
943 1933 994 1999 die
1018 1933 1058 1998 de
1082 1933 1202 2019 Meagd
1228 1934 1335 2001 Maria
1366 1935 1539 2021 golasterd

305 2038 407 2107 heeft.
433 2075 476 2086 -
500 2040 648 2121 Wegens
676 2036 734 2101 het
762 2034 926 2120 openbaar
954 2034 1132 2102 schandeol
1160 2044 1244 2102 moet
1271 2036 1316 2124 hij
1348 2041 1473 2124 strong
1499 2057 1539 2106 en

306 2140 449 2228 oponlijh
467 2138 610 2226 gestreft
633 2138 780 2215 worden,
799 2137 953 2204 oisohoon
978 2138 1024 2226 hij
1051 2158 1094 2203 nu
1118 2137 1306 2205 horouwvol
1332 2160 1387 2205 om
1412 2141 1540 2227 genade

306 2245 375 2312 hidt
399 2265 440 2310 eu
467 2242 617 2310 dronhen
645 2261 716 2308 was
739 2246 816 2307 toen
843 2241 888 2328 hij
914 2241 980 2328 zijn
1004 2240 1205 2308 sohelmstulr
1228 2241 1365 2333 beging,
1393 2243 1542 2330 hetgeen

310 2349 424 2415 echter
440 2367 542 2433 geone
559 2345 798 2412 verzaohtendo
815 2343 1073 2432 omstandigheid
1090 2346 1131 2425 is,
1150 2343 1229 2410 daar
1244 2367 1319 2411 men
1338 2347 1542 2414 vermooden

309 2471 397 2536 mag,
429 2450 486 2516 dat
516 2448 561 2535 hij
596 2448 630 2514 in
662 2448 769 2534 zijnen
802 2446 1011 2514 besohonken
1047 2447 1197 2514 toestand
1231 2448 1318 2536 zijne
1354 2451 1543 2536 geheimsto

309 2553 488 2641 gepoinzen
512 2550 561 2618 ml
587 2549 750 2616 verraden
772 2548 912 2615 hebben.

350 2739 525 2795 tractatulus
539 2755 593 2808 pro
611 2745 746 2807 perpetua
765 2739 928 2805 oirpinitate
939 2737 1033 2790 Mario
1048 2738 1152 2790 matris-
1165 2738 1218 2794 Dei
1233 2744 1332 2792 contra
1349 2736 1546 2808 blasphemias

312 2821 474 2877 dormicates
496 2820 644 2874 cuiusdam
675 2822 872 2887 impurissimi,
895 2819 934 2871 od
958 2822 1126 2873 instantiam
1153 2819 1337 2874 dmninorum
1367 2823 1546 2879 vicariorum

313 2906 424 2959 domini
437 2904 652 2958 Cameracensis.

348 3021 391 3076 Ad
402 3021 533 3074 honorem
546 3018 690 3073 saluatoris
701 3016 787 3071 nostri
805 3016 854 3071 Dei
871 3016 1017 3084 puritatem
1035 3021 1062 3071 et
1076 3015 1260 3085 integritatem
1270 3017 1373 3073 mamis
1381 3017 1447 3074 eius
1456 3020 1546 3075 deien-

315 3105 404 3160 dendo
416 3119 504 3171 pauca
514 3099 687 3155 subiciantur
698 3100 839 3167 presertim
855 3100 985 3155 aduersus
996 3100 1132 3167 quendam
1147 3100 1284 3167 impurum
1294 3103 1324 3156 et
1341 3101 1547 3169 blasphemum,

316 3185 364 3253 qui
381 3201 428 3239 ore
439 3184 543 3251 polluto
560 3181 635 3235 illius
646 3181 761 3248 speciem
773 3181 898 3235 decorum
916 3180 1101 3235 contaminare
1118 3181 1287 3249 presumpsit.
1300 3181 1382 3237 Dixit
1397 3181 1479 3238 enim
1490 3201 1550 3240 eom

316 3266 464 3334 aliquando
476 3264 557 3319 fuisse
569 3269 735 3331 corruptam,
747 3264 864 3318 heresim
871 3264 1045 3330 dampnatum
1055 3263 1145 3321 Fotini
1157 3269 1184 3320 et
1196 3264 1295 3331 llelidij
1306 3263 1552 3332 incurrendo...(l)

351 3349 442 3403 Cesset
461 3347 548 3416 igitur
567 3348 614 3402 hio
635 3346 806 3414 blasphemus
829 3344 1007 3413 pollutissimo
1028 3362 1076 3401 oro
1096 3362 1196 3412 ponere
1215 3345 1337 3413 aliquem
1357 3349 1505 3403 maculem
1523 3349 1553 3403 in

317 3436 406 3486 matre
417 3430 467 3484 Dei
483 3447 589 3498 semper
606 3429 723 3493 virgine.
736 3429 799 3483 Ideo
812 3428 920 3482 videtur
935 3427 1021 3481 miehi
1038 3432 1148 3495 propter
1162 3428 1320 3483 soeudelum
1337 3428 1405 3485 inde
1421 3437 1552 3487 exorem

318 3519 347 3568 et
364 3517 474 3581 propter
490 3514 619 3566 offensam
641 3512 752 3574 Christi,
766 3512 842 3566 bento
854 3509 978 3579 Virginis
994 3515 1021 3566 et
1038 3510 1160 3569 uniuersi
1177 3510 1271 3579 populi
1287 3510 1449 3577 christiani,
1475 3514 1553 3569 euius

321 3612 401 3650 eures
412 3594 531 3663 pijssime
547 3599 604 3649 tem
621 3595 757 3661 impuram
769 3597 796 3647 ei
812 3592 1041 3648 abhominabilem
1056 3593 1250 3661 blasphemiam
1266 3593 1405 3650 sustinere
1417 3613 1478 3652 non
1494 3615 1551 3665 pos-

321 3683 394 3743 sunt,
408 3678 480 3746 quod
499 3677 549 3732 iste
566 3676 640 3731 venit
659 3675 782 3744 gmuiter
798 3675 950 3742 puniendus
966 3679 993 3729 ei
1009 3675 1124 3738 notorie,
1143 3675 1267 3742 quemuis
1283 3675 1425 3730 contritus
1443 3679 1553 3732 veniam

321 3763 403 3830 potat,
424 3763 456 3813 ut
472 3758 508 3814 sit
529 3759 590 3824 elijs
610 3757 640 3811 in
660 3758 830 3825 exemplum3
853 3773 903 3810 neo
922 3756 1047 3812 excusari
1067 3760 1155 3826 potet
1172 3761 1282 3827 propter
1300 3759 1480 3826 ebrietatem,
1502 3779 1554 3829 que

321 3839 455 3895 iudicium
475 3839 588 3894 rationis
607 3838 637 3892 in
657 3837 704 3891 illo
724 3855 779 3891 non
799 3836 938 3890 absorbuit
957 3842 1005 3892 aut
1024 3838 1169 3904 loquelam,
1182 3839 1230 3892 sod
1244 3842 1465 3906 presumendum
1483 3845 1555 3912 quod

322 3921 458 3977 reuelauit
476 3922 549 3989 quod
568 3920 650 3974 cordo
670 3921 783 3986 gerebat
801 3918 947 3984 seoretius;
966 3935 1028 3971 nam
1046 3919 1155 3973 fecundi
1173 3919 1270 3975 celioes
1286 3937 1371 3988 quem
1389 3940 1449 3978 non
1467 3927 1555 3980 seuere

323 4002 472 4057 disertuml
483 4002 523 4057 ait
534 4000 652 4055 oratius.

583 4114 729 4178 Cerlerius,
750 4116 808 4169 deol
829 4115 850 4176 l,
871 4113 1068 4182 verhendeling
1087 4117 1112 4167 Ἰ.
1130 4143 1164 4153 -
1186 4115 1233 4170 llit
1254 4116 1318 4170 stuli
1341 4117 1448 4190 draagt
1472 4140 1557 4192 geone

615 4198 824 4266 dagteeheuing.
840 4198 879 4252 De
895 4196 983 4250 delion
995 4196 1102 4251 CerHer
1117 4197 1197 4252 stierf
1210 4214 1245 4267 op
1262 4202 1294 4253 23
1307 4200 1472 4258 November
1485 4210 1556 4259 1472.

358 4489 392 4552 (1)
409 4484 476 4541 Hier
487 4487 585 4554 volgon
597 4483 776 4553 godgeleerdo
787 4483 989 4552 uitwoidingen.
