3194 5408
316 493 365 548 350
831 492 932 551 ANNO
952 496 1028 550 1460

240 640 246 655 ·
316 632 436 687 filiorum
452 633 526 689 dedit
537 634 658 698 canibus,
671 652 734 703 ymo
745 634 899 689 bufonibus.
913 635 975 702 lpsa
991 638 1032 688 est
1043 631 1190 695 homicida,
1205 647 1269 700 ymo
1280 630 1409 699 paricida
1429 647 1478 686 seu
1497 628 1548 685 ffli-

315 715 386 778 cida,
406 715 470 782 quia
484 716 572 770 filium
588 734 668 770 suum
685 717 760 771 dedit
776 716 811 779 ei,
830 715 876 784 qui
895 717 929 769 ab
947 714 1031 769 inicio
1048 713 1186 768 homicida
1198 718 1267 778 erat,
1280 713 1350 768 etin
1362 713 1482 769 veritate
1494 729 1549 767 non

315 796 389 850 stetit
400 797 508 851 demoni
519 798 612 866 utique
623 799 743 852 humano
755 797 849 866 generi
862 797 994 865 pertinaci
1006 802 1035 851 et
1050 795 1219 864 implacabili
1231 794 1356 859 inimico,
1370 812 1455 863 quem
1466 794 1548 863 iuga·

315 878 393 933 lauit.
412 879 473 946 Ipsa
490 878 605 947 denique
621 879 719 934 habuit
732 883 840 946 pactum
852 877 1012 945 explicitum
1024 894 1088 931 cum
1101 875 1269 940 demonibus,
1280 892 1314 930 ex
1326 893 1382 944 quo
1393 875 1498 930 iterum
1508 878 1547 929 est

315 960 439 1028 ydolatra
451 967 478 1015 et
488 965 610 1029 apostata
621 961 771 1027 censenda3
785 977 849 1013 narn
860 959 894 1013 de
911 959 1054 1026 implicato
1074 962 1152 1026 pacto
1170 958 1236 1025 quid
1253 956 1344 1011 minus
1360 961 1413 1022 est,
1431 956 1547 1011 facultas

315 1042 451 1111 theologie
471 1043 631 1098 Parisiensis
647 1043 1011 1098 determinauitann01398.
1027 1039 1226 1095 condemnauit
1243 1039 1319 1093 enim
1339 1043 1409 1094 binc
1428 1042 1462 1093 28
1480 1036 1546 1092 arti·

315 1126 399 1190 culos,
412 1126 484 1180 inter
494 1144 561 1193 quos
571 1125 673 1180 tercius
684 1125 770 1180 dicit:
785 1148 797 1168 s
812 1126 891 1188 Quod
903 1124 974 1178 inire
987 1128 1097 1192 pactum
1110 1123 1224 1178 tacitum
1243 1122 1287 1177 vel
1305 1138 1466 1190 expressum
1482 1135 1544 1173 cum

314 1207 473 1261 demonibus
491 1225 545 1262 non
561 1208 597 1262 sit
613 1210 748 1276 ydolatria
765 1209 808 1262 vel
820 1208 921 1276 species
933 1207 1067 1276 ydolatrie
1080 1210 1108 1262 et
1119 1205 1253 1274 apostasie
1265 1222 1362 1272 error3
1375 1229 1390 1251 ο
1403 1203 1544 1259 declarans

315 1289 381 1356 quid
392 1290 427 1343 sit
438 1296 547 1357 pactum
559 1309 621 1344 cum
633 1291 793 1345 demonibus
804 1291 918 1345 tacitum
930 1291 972 1342 vel
982 1289 1147 1357 implicitum
1159 1289 1199 1343 ait
1211 1307 1217 1342 :
1232 1310 1245 1332 u
1260 1289 1296 1343 [lt
1306 1286 1479 1342 intendimus
1488 1302 1544 1340 ese

314 1376 424 1439 pactum
435 1373 598 1440 implicitum
610 1374 640 1427 in
656 1373 730 1427 omni
742 1373 930 1427 observatione
941 1372 1141 1440 supersticiose,
1154 1371 1233 1426 cuius
1244 1371 1357 1426 effectus
1370 1387 1430 1424 non
1437 1369 1543 1424 debete

315 1455 372 1508 Deo
384 1456 427 1509 vel
438 1460 537 1510 natura
547 1454 747 1509 rationabiliter
758 1454 905 1522 expectari.
922 1478 935 1499 n

348 1537 457 1599 Quanta
468 1543 559 1592 autem
569 1536 805 1590 animaduersione
822 1541 929 1590 tantum
947 1536 1052 1590 lacinus
1070 1540 1180 1603 tamque
1197 1552 1308 1591 enorme
1326 1533 1499 1602 puniendum
1509 1530 1542 1586 sil

314 1621 439 1676 conicere
451 1639 590 1689 possumus
601 1639 634 1676 ex
646 1621 814 1675 correctione
831 1620 978 1675 minorum.
992 1621 1094 1685 Unum,
1107 1620 1162 1674 iam
1175 1625 1238 1675 sunt
1253 1621 1319 1674 anni
1331 1620 1395 1688 plus
1407 1635 1491 1687 quam
1500 1622 1540 1682 60,

314 1703 348 1757 de
361 1705 477 1770 quodam
489 1703 612 1766 ferrario,
626 1703 673 1770 qui
685 1703 764 1756 finxit
780 1720 808 1755 se
826 1703 968 1756 demonem
988 1720 1045 1757 esse
1064 1707 1190 1757 vocatum
1210 1704 1329 1766 astarot,
1352 1705 1385 1755 ut
1402 1701 1542 1755 induceret

314 1784 461 1850 quemdem
472 1784 642 1838 domicellam
654 1784 773 1838 nobilem
785 1785 832 1838 sed
849 1801 996 1851 pauperem
1013 1785 1048 1838 ad
1066 1784 1230 1838 credendum
1250 1782 1301 1837 sibi
1323 1787 1354 1837 ut
1373 1782 1437 1837 eius
1455 1783 1542 1837 medio

314 1865 449 1920 obtineret
459 1865 573 1919 diuicias
584 1886 591 1932 3
604 1865 651 1933 qui
663 1865 716 1920 fuit
727 1867 940 1933 condempnatus
951 1867 986 1919 ad
998 1883 1120 1920 carceres
1132 1865 1195 1919 fidei
1212 1868 1240 1918 et
1255 1865 1437 1919 deferendum
1451 1881 1544 1918 cruces

315 1946 403 2000 crocei
426 1947 525 2000 coloris
547 1947 651 2013 aliquot
674 1947 761 2000 annis.
785 1948 910 2001 Alterum
930 1948 964 2000 de
981 1946 1089 2016 Redige
1105 1949 1139 2001 de
1158 1946 1249 2009 Sense,
1268 1945 1316 2013 qui
1334 1962 1385 2013 per
1403 1946 1543 2015 figmenta,

315 2028 427 2083 nomina
438 2029 533 2097 ignota
543 2034 571 2083 ct
593 2034 745 2084 caracteres
760 2028 947 2096 dampnabiles
965 2029 1147 2096 pollicebatur
1166 2032 1284 2095 quatuor
1302 2027 1458 2096 discipulis,
1481 2045 1547 2095 quos

315 2111 445 2165 discretos
456 2112 579 2175 vocabat,
592 2111 707 2175 (scilicet
719 2112 865 2166 Guillehno
878 2111 1002 2179 Vignier,
1016 2112 1135 2167 lohanni
1149 2110 1237 2174 Lami,
1251 2109 1399 2165 Ambrosio
1411 2109 1545 2171 Maloseil

316 2209 414 2246 nomen
426 2192 517 2259 quarti
530 2209 584 2246 non
595 2195 683 2256 teneo)
701 2192 827 2247 inuenire
844 2192 985 2246 thesauros
1006 2192 1129 2246 Parisius
1148 2191 1338 2256 absconditos;
1359 2194 1462 2245 contra
1482 2207 1547 2258 quos

314 2274 429 2328 facultas
439 2274 574 2342 theologie
582 2274 752 2339 Parisiensis,
760 2292 803 2328 me
813 2279 888 2338 teste,
899 2292 971 2329 anno
980 2279 1043 2328 1426
1052 2273 1256 2329 detemninando
1263 2272 1459 2327 dochinalitar
1468 2272 1546 2335 dixit,

314 2356 344 2409 in
353 2373 417 2409 casu
427 2355 556 2422 premisso
565 2359 592 2410 et
601 2356 629 2409 in
640 2356 846 2422 circunstancijs
856 2357 982 2410 omnibus
992 2354 1177 2419 consideratis,
1186 2355 1253 2410 talia
1261 2358 1289 2408 et
1296 2353 1394 2409 taliter
1403 2360 1547 2423 operantes

315 2443 342 2492 et
353 2437 383 2491 in
394 2438 495 2492 talibus
506 2443 562 2492 tam
571 2438 713 2493 manifeste
722 2439 853 2506 comperti
862 2445 926 2494 sunt
934 2439 1106 2494 inuocatones
1114 2439 1269 2502 demonum,
1280 2437 1408 2504 ydolatre
1420 2438 1549 2493 censendi

314 2536 348 2572 ac
358 2520 475 2587 suspecti
488 2519 518 2572 in
529 2521 598 2586 fide3
612 2521 660 2588 qui
671 2521 873 2576 sentencialiter
885 2523 996 2576 fuerunt
1007 2539 1057 2590 per
1067 2520 1171 2575 iudices
1182 2519 1245 2575 fidei
1257 2536 1275 2574 a
1285 2521 1384 2572 sancta
1394 2519 1462 2575 sede
1473 2537 1549 2589 apos·

314 2597 398 2653 tolica
408 2598 563 2666 specialiter
578 2599 720 2667 deputatos
738 2601 844 2655 scilicet
861 2601 984 2655 dominos
1002 2601 1150 2669 episcopos,
1171 2599 1248 2668 prius
1265 2599 1468 2666 Morinensem,
1491 2608 1551 2671 post

314 2680 548 2749 archiepiscopum
567 2680 814 2750 Rothomagensem
834 2685 868 2747 (l)
890 2687 918 2737 et
940 2687 1006 2737 tunc
1030 2682 1224 2738 cancellarium
1245 2682 1373 2747 Francia,
1395 2687 1427 2739 et
1447 2684 1550 2740 Nouio

314 2782 433 2819 mensem
445 2764 527 2832 [anno
540 2768 603 2818 1465
615 2765 705 2819 adhuc
716 2765 864 2833 uiuentem]
875 2767 919 2831 (2),
932 2765 1123 2834 condempnati
1140 2765 1176 2818 ad
1191 2765 1381 2819 reuocandum
1399 2771 1430 2821 et
1448 2767 1552 2835 priuati

314 2846 344 2900 in
355 2851 515 2914 perpetuum
532 2847 607 2900 omni
619 2848 709 2901 officio
726 2847 813 2916 regali
824 2853 851 2902 et
862 2849 963 2912 ducali,
976 2849 1012 2902 ad
1024 2848 1180 2916 sepulcrum
1192 2846 1311 2910 Domini,
1324 2847 1431 2903 limina
1443 2855 1549 2919 aposto

313 2928 403 2983 lorum
416 2928 491 2982 Petri
502 2934 530 2982 et
542 2928 623 2982 Pauli
633 2933 661 2983 et
670 2928 764 2984 Sancti
775 2929 870 2984 Jaccbi
882 2930 916 2984 de
928 2931 1109 2998 Compostella
1125 2929 1290 2985 visitandum
1301 2932 1331 2983 et
1341 2928 1457 2986 litteras
1467 2931 1548 2988 certi·

314 3010 450 3065 doatorias
461 3011 633 3065 referendum
650 3011 784 3079 compulsi
802 3029 865 3066 cum
883 3012 944 3078 alljs
963 3011 1048 3080 penis.

348 3091 455 3146 Similia
472 3093 505 3146 dc
521 3092 646 3147 lohanne
662 3094 797 3156 Tannore,
810 3095 883 3148 dicto
900 3096 998 3149 abbate
1009 3095 1042 3148 dc
1054 3094 1209 3148 Paudesens
1225 3093 1269 3160 (3),
1281 3091 1407 3148 dicenda
1421 3095 1554 3152 videnhu

313 3178 341 3229 et
352 3177 490 3243 grauiora,
509 3193 541 3228 eo
560 3176 633 3242 quod
650 3193 729 3229 sensu
746 3180 774 3230 et
790 3175 901 3244 ingenio
919 3177 1012 3230 debuit
1029 3176 1118 3245 magis
1134 3176 1303 3239 habundare,
1317 3175 1553 3243 quinconfitetur

313 3274 342 3310 se
353 3258 434 3311 fidem
451 3266 478 3311 et
494 3256 660 3311 credentiam
676 3256 767 3311 verbis
777 3259 899 3313 demonis
910 3258 1059 3327 deceptiuis
1076 3259 1232 3314 adhibuisse
1248 3262 1275 3312 et
1292 3258 1365 3313 bene
1384 3261 1550 3332 deceptiuis,

314 3339 379 3408 quia
395 3339 452 3406 ipse
462 3344 503 3394 est
519 3344 597 3407 pater
612 3340 756 3405 mendaclj,
768 3346 795 3394 et
810 3359 873 3395 curn
888 3341 1010 3409 loquitur
1027 3342 1208 3406 mandacium,
1221 3359 1255 3397 ex
1267 3346 1392 3412 propriis
1412 3345 1548 3417 loquitur,

313 3420 379 3488 quia
394 3422 511 3476 mendax
527 3427 566 3476 est
585 3426 613 3475 et
632 3428 710 3489 pater
727 3423 794 3487 eius,
808 3423 875 3477 dicit
893 3422 1034 3477 Dominus.

570 3530 716 3595 Carlerius,
729 3530 789 3586 deel
800 3531 835 3596 ll,
848 3531 1047 3600 verhandeling
1059 3536 1100 3587 26.

879 3734 974 3801 304.

362 3923 467 4004 1460,
494 3925 565 3990 Mei
594 3926 627 4000 9,
657 3920 879 4009 ooorpaunde
905 3941 947 3988 en
974 3923 1137 4009 oclyende
1164 3923 1288 4012 depen,
1331 3927 1481 3999 Utrecbt
1513 3952 1554 4000 eu

315 4026 472 4094 Dowuui.
492 4025 671 4093 Uittreksel
690 4023 736 4090 uit
752 4023 792 4089 de
809 4022 942 4110 kronijk
958 4045 1022 4091 van
1038 4026 1177 4110 lacques
1189 4026 1238 4091 Du
1253 4025 1376 4114 (llercq
1395 4051 1482 4100 over
1499 4036 1554 4102 het

346 4239 381 4303 (1)
391 4237 490 4293 Rouen
502 4237 532 4292 in
544 4236 721 4292 Normandie.
1247 4271 1249 4280 =

346 4321 380 4384 (2)
390 4320 458 4374 Deze
469 4321 596 4375 woorden
607 4324 660 4387 zijn
671 4318 885 4385 waarschijnliJk
899 4320 969 4373 later
980 4319 1140 4388 ingelascht,
1152 4324 1225 4376 want
1236 4321 1283 4376 het
1294 4321 1363 4378 atuh
1384 4327 1466 4382 werd
1485 4331 1552 4382 reor

315 4406 379 4460 1465
390 4405 564 4473 geschreven.
577 4405 614 4458 Ol
622 4408 695 4458 moet
705 4419 769 4457 men
780 4403 932 4470 eenvoudig
946 4407 1010 4460 1460
1019 4404 1112 4459 leaenl

347 4487 382 4555 (3)
393 4487 469 4554 Abba
480 4487 513 4543 de
524 4505 577 4559 peu
588 4487 622 4542 de
634 4504 705 4542 sens,
