3194 5408
612 509 712 563 ANNO
732 512 814 564 1273
1272 518 1318 568 521

87 646 325 717 impedimentum
348 651 375 703 et
396 665 476 704 omne
498 649 668 704 obstaculum
690 649 833 713 removeri,
856 649 1039 719 praesentium
1060 654 1137 709 vobis
1159 653 1321 711 auctoritate

91 730 262 786 mandamus
278 731 407 798 quatinus
426 732 456 786 in
471 732 566 787 eodem
584 734 693 801 negotio
711 734 745 788 de
763 734 856 789 divino
876 741 903 790 et
922 736 1069 803 apostatico
1089 737 1181 790 lavore
1200 740 1227 790 et
1246 737 1321 791 omni

88 813 219 868 humano
229 812 329 868 timore
338 814 485 883 postposito
496 820 651 870 constanter
667 833 700 869 ac
715 815 849 885 intrepide
861 817 1035 885 procedentes
1046 817 1120 871 circa
1132 817 1320 886 extirpandam

20 960 30 970 ,
88 895 264 952 haeoefimm
276 895 436 963 pravitatem
452 901 509 951 tam
524 897 558 952 de
570 897 729 965 Burgundia
741 915 822 965 quarn
837 898 870 953 de
882 898 1062 967 Lotharingia
1078 916 1141 953 cum
1159 900 1233 954 omni
1250 899 1320 967 vigi-

89 979 184 1035 lantia
200 978 328 1046 omnique
345 980 434 1036 studm
451 981 588 1045 laboretis,
606 986 634 1035 et
652 980 675 1033 si
696 981 808 1035 forsitan
827 982 957 1050 magister·
982 987 1009 1037 et
1034 982 1158 1038 minister
1184 983 1322 1051 generalis

89 1061 201 1130 aliique
220 1061 325 1129 priores
344 1065 370 1116 et
389 1061 509 1117 minuui
526 1060 706 1130 provinciales
734 1080 766 1115 ac
786 1064 909 1117 custodes
928 1080 974 1118 seu
998 1064 1143 1132 guardiani
1166 1065 1321 1133 aliquorum

90 1147 222 1202 locorum
233 1148 385 1200 vernorum
395 1143 533 1208 ordinum,
546 1148 687 1212 praetextu
700 1162 933 1214 quorumcumque
949 1147 1157 1216 privilegiorum
1168 1167 1213 1204 seu
1232 1149 1320 1203 indul·

89 1226 254 1298 genmnm
275 1227 396 1295 ejusdem
419 1227 490 1282 sedis
512 1227 592 1282 dictis
612 1228 754 1282 ordinibus
774 1246 962 1284 concessorum
984 1247 1017 1284 ac
1038 1231 1271 1285 concedendorum
1290 1231 1320 1286 in

90 1313 245 1379 posterum,
257 1308 334 1362 vobis
349 1310 394 1363 vel
410 1313 531 1364 vestrum
548 1308 633 1363 alicui
650 1327 697 1363 seu
717 1310 855 1377 aliquibus
871 1311 1041 1381 injunxerint
1058 1330 1104 1366 seu
1117 1331 1224 1382 quoquo
1240 1314 1321 1368 modo

89 1391 285 1462 praeceperint
295 1396 327 1447 ut
338 1392 428 1460 quoad
438 1397 545 1461 tempus
555 1397 583 1447 et
594 1391 683 1461 quoad
695 1397 782 1447 cemos
793 1393 924 1448 articulos
935 1401 1056 1450 cartasve
1073 1411 1199 1463 personas
1211 1395 1322 1464 negotio

90 1475 296 1545 supersedeatis
304 1475 403 1538 eidem
414 1492 463 1529 nos
474 1473 552 1528 vobis
563 1473 697 1528 universis
712 1478 739 1528 et
756 1474 872 1541 singulis
883 1475 1046 1531 auctoritate
1057 1477 1205 1544 apostolica
1215 1477 1321 1532 distric-

88 1558 156 1614 tius
166 1556 328 1622 inhibemus,
341 1575 376 1613 ne
392 1556 458 1625 ipsis
475 1556 584 1611 obedire
596 1556 625 1609 in
638 1556 690 1610 hac
705 1561 782 1623 parte
793 1557 837 1610 vel
848 1556 987 1612 intendere
999 1558 1202 1624 quomodolibet
1212 1576 1321 1627 praesu·

88 1639 189 1696 matis.
202 1641 257 1695 Nos
265 1639 349 1695 en'am
360 1638 505 1708 privilegia
516 1655 565 1692 seu
576 1637 762 1706 indulgentias
773 1637 928 1704 hujusmodi
939 1639 974 1693 ad
986 1639 1058 1693 hune
1069 1638 1215 1694 articulum
1227 1644 1322 1695 tenore

90 1720 282 1793 praesentium
304 1725 471 1785 revocantes,
495 1736 587 1774 omnes
610 1717 907 1782 excommunicationis,
931 1719 1069 1774 interdicti
1091 1725 1119 1775 et
1139 1721 1322 1788 suspensionis

90 1803 254 1870 antennas,
275 1802 383 1871 siquas
399 1802 429 1857 in
445 1819 494 1857 ros
510 1802 553 1857 vel
570 1806 691 1856 vestrum
708 1802 814 1869 aliquos
826 1801 878 1854 hac
898 1801 1039 1856 oocadone
1059 1801 1126 1856 leni
1145 1802 1320 1871 contingerit,

88 1886 194 1943 irritas
206 1903 315 1954 prorsus
325 1884 498 1941 decerninus
513 1887 541 1938 et
557 1883 693 1938 inanes...
707 1885 768 1937 Non
780 1881 853 1936 enim
870 1882 963 1950 aliqua
978 1883 1019 1938 eis
1035 1900 1116 1951 super
1132 1884 1319 1951 huJuscemodi

89 1966 286 2036 inquisitionis
301 1966 411 2036 negotio
422 1965 498 2021 vobis
515 1965 670 2020 immediate
681 1983 698 2018 a
709 1963 847 2032 praedicta
864 1964 925 2018 sede
937 1965 1079 2019 commisso
1090 1968 1117 2020 et
1129 1965 1321 2021 committendo

90 2050 216 2106 facultas
224 2051 269 2105 rel
275 2048 431 2120 jurisdictio
443 2047 604 2103 attribuitur
615 2064 662 2101 seu
675 2050 799 2114 potestas

130 2134 233 2189 Datum
244 2131 371 2195 viterbii,
385 2131 446 2187 idus
457 2131 473 2186 J
475 2129 535 2194 ulii,
548 2128 723 2197 pontificatus
734 2128 820 2183 nostri
831 2145 904 2183 anno
917 2130 1007 2185 tertio.

360 2235 475 2292 Archias
483 2235 532 2290 der
543 2232 685 2302 Inquisitie
696 2252 750 2289 van
762 2236 954 2301 carcassonne,
968 2235 1150 2304 vernameling
1169 2237 1249 2299 Doat‚
1263 2236 1322 2290 deal

394 2316 513 2381 XXXII,
527 2318 572 2372 l'ol.
588 2320 637 2383 153
655 2317 802 2386 algedrulrt
819 2319 849 2373 in
860 2319 907 2373 het
916 2317 1066 2388 appendia
1077 2320 1114 2385 bij
1128 2318 1192 2383 Lea,
1205 2318 1321 2386 History

394 2397 479 2467 astte
489 2399 660 2468 inquisition
672 2401 703 2450 in
714 2397 760 2451 sae
771 2399 882 2453 Middle
892 2401 974 2467 Acer,
988 2400 1047 2456 dael
1058 2400 1080 2464 1,
1094 2401 1144 2454 blz.
1157 2403 1214 2455 568.

644 2579 770 2656 144b¹⁸.

149 2782 256 2862 1273,
270 2782 341 2848 Mei
358 2783 414 2861 17,
435 2781 580 2848 Oroieto
600 2781 700 2847 Berel
715 2798 781 2847 ran
793 2780 856 2848 den
872 2780 1042 2849 kardinaal
1056 2801 1096 2848 en
1111 2781 1322 2867 algemeenen

93 2885 295 2973 inquisiteur
309 2887 452 2952 loannes
468 2883 598 2970 gerioht
609 2887 660 2951 tot
675 2883 715 2950 de
737 2885 919 2973 pauselijlse
942 2885 1152 2970 inquisiteurs
1176 2882 1235 2950 der
1250 2902 1324 2968 pre·

94 2991 282 3060 dilrheeren
297 3007 338 3054 en
354 2988 413 3054 der
429 2985 709 3054 minderbroeders
728 2987 763 3054 in
779 2989 838 3055 het
853 2986 1044 3075 koninlrrijlr
1061 2986 1252 3075 Frankrijk,
1271 3004 1323 3052 om

96 3099 173 3165 han
200 3112 279 3160 voor
293 3097 327 3158 te
350 3092 515 3179 schrijven
531 3091 572 3157 de
595 3095 804 3176 ontrangene
820 3091 1064 3178 getuigenissen
1080 3096 1180 3178 tegen
1196 3090 1236 3156 de
1251 3088 1324 3156 lret·

96 3205 173 3267 tera
184 3193 378 3282 schriltelijlr
394 3200 428 3260 te
443 3194 526 3261 doen
542 3194 759 3280 opteelrenen.
778 3194 884 3280 -Op
901 3195 959 3260 het
974 3195 1116 3261 verzoelr
1131 3194 1190 3260 der
1209 3212 1324 3278 pause-

98 3300 184 3391 lijlre
207 3298 415 3383 inquisiteurs
439 3295 473 3364 in
488 3297 667 3386 Frankrijlr
683 3302 792 3365 neemt
806 3298 851 3385 hij
870 3296 922 3364 die
936 3296 1123 3385 beslissing.
1141 3297 1215 3363 Alle
1230 3294 1324 3361 reeds

97 3406 312 3490 ontrangene
328 3399 365 3468 of
385 3420 450 3488 neg
468 3406 503 3468 te
525 3408 714 3489 ontvaagen
736 3401 979 3488 gatulgenissen
1003 3403 1103 3486 tegen
1126 3399 1324 3468 rerdachtea

100 3505 210 3575 zallen
238 3505 278 3571 de
301 3503 511 3589 inquisiteurs
541 3504 622 3571 door
656 3525 758 3571 eeaen
798 3502 1031 3570 vertrouwden
1069 3502 1260 3570 ambtenaar
1290 3502 1325 3567 in

99 3607 220 3677 schrift
231 3607 321 3675 laten
333 3607 451 3675 stetten
463 3613 521 3676 ten
537 3606 632 3675 einde
644 3628 682 3674 er
696 3628 738 3694 op
750 3605 810 3695 tijd
822 3628 863 3674 en
875 3605 972 3675 stand
985 3606 1123 3692 gebruik
1139 3611 1173 3674 te
1189 3606 1323 3672 kunnan

99 3732 169 3781 van
185 3710 314 3778 malcan.

138 3869 265 3934 loannes,
277 3868 452 3925 mianadone
462 3868 556 3922 divina
574 3868 662 3923 macti
679 3867 787 3922 Nicolai
803 3867 833 3924 in
850 3883 961 3924 carcere
978 3867 1108 3923 Tulliano
1125 3867 1255 3922 diaconus
1266 3881 1326 3920 car·

101 3950 215 4018 amaa,
227 3951 365 4020 religiosis
375 3951 443 4006 airis
459 3951 489 4006 in
501 3949 609 4005 Christo
620 3948 672 4003 sibi
688 3948 796 4004 dilectis
807 3951 937 4005 tratribus
953 3950 1058 4005 ordinis
1069 3949 1287 4018 praedicatorum
1299 3952 1326 4001 et

101 4034 244 4093 minorum
261 4034 468 4104 inquisitoribus
478 4032 623 4102 pravitatis
633 4032 787 4087 haereticae
805 4033 834 4087 in
850 4033 1058 4088 citramontanis
1074 4032 1198 4101 partibus
1209 4031 1325 4085 auctori·

100 4125 163 4177 tate
173 4120 419 4189 sedisapostolicae
430 4118 575 4186 deputatis,
588 4117 704 4172 salutem
716 4117 746 4171 in
758 4117 873 4172 Domino
886 4122 985 4172 nostro.

139 4203 186 4257 Nil
196 4209 285 4272 majus
297 4203 403 4258 accedit
411 4200 521 4256 affectui
530 4217 612 4268 quam
623 4200 696 4266 quod
713 4200 777 4255 fidei
789 4200 940 4255 catholicae
956 4199 1061 4266 puritas
1077 4197 1178 4265 ubique
1190 4203 1326 4253 terrarum

101 4285 141 4341 ad
154 4285 204 4340 Dei
215 4287 333 4356 gloriam
342 4285 433 4340 valeat
442 4283 580 4351 ampliari,
593 4288 621 4337 et
631 4285 739 4336 macula
751 4283 893 4350 pravitatis
904 4282 1058 4336 haereticae
1068 4282 1102 4334 de
1113 4280 1180 4334 locis
1191 4280 1246 4333 illis
1256 4297 1326 4347 quae

101 4368 232 4425 iniecisse
247 4369 407 4432 dinoscitur,
420 4366 532 4422 virtutis
542 4365 652 4421 divinae
669 4369 830 4433 cooperante
847 4365 974 4428 subsidio,
989 4380 1037 4431 per
1048 4368 1156 4417 nostrae
1172 4380 1205 4417 ac
1222 4371 1327 4418 vestrae

104 4450 302 4508 sollicitudinis
313 4449 496 4506 ministerium
507 4447 616 4517 penitus
632 4448 763 4504 deleatur.
777 4450 846 4503 Cum
863 4448 949 4516 igitur
965 4444 1122 4514 hujusmodi
1140 4462 1206 4499 cura
1223 4446 1326 4514 negotii

103 4534 143 4590 sit
153 4534 232 4589 nobis
248 4534 283 4587 ab
294 4531 441 4601 apostolica
460 4531 523 4586 sede
539 4530 693 4597 commissa,
705 4546 754 4584 nos
771 4529 931 4585 dilectorum
944 4529 1022 4583 nobis
1039 4527 1068 4581 in
1086 4527 1203 4583 Domino
1214 4528 1325 4594 inquisi-
