3194 5408
546 494 647 554 ANNO
664 514 688 550 c.
708 498 783 552 1380
1244 495 1291 551 241

64 665 176 712 eenen
204 663 264 711 zoc
287 642 502 711 onwetenden
529 663 599 723 vos,
626 664 687 710 een
713 664 771 710 zoo
799 640 1010 728 logenachtig
1036 658 1078 705 en
1107 636 1292 726 verloeilijk

64 745 176 828 beest,
202 751 238 815 te
261 748 356 814 recht
378 766 443 814 ran
467 745 599 834 ketterij
625 746 795 826 verdecht
820 749 856 812 te
878 759 1085 829 verwerpen.

343 883 389 940 Ad
399 885 557 954 episcopum
567 883 743 939 florentium
754 883 789 938 dc
802 881 1023 939 Bartholcmuco.
1094 907 1104 919 =

100 981 329 1042 Matareudieaime
339 986 417 1052 pater
427 983 606 1053 princepsque
617 982 685 1038 cleri
695 987 723 1039 et
739 981 832 1052 populi
850 982 880 1036 in
895 981 940 1036 his
959 979 1127 1050 temporibus
1136 978 1297 1050 periculosis

65 1072 97 1125 d
106 1064 225 1122 ultimis-
236 1064 334 1120 Vestra
343 1065 410 1122 velit
420 1065 498 1131 scire,
511 1066 584 1135 quod
595 1065 820 1121 Bartholomaeus
836 1065 871 1120 de
887 1065 1026 1120 Dordraco
1043 1064 1079 1121 ad
1089 1080 1202 1119 examen
1212 1060 1295 1118 vestri

65 1148 183 1213 vicarii,
194 1147 268 1216 quod
277 1146 358 1203 valde
371 1149 538 1204 tumultuose
548 1152 584 1214 et.
597 1151 630 1204 ut
639 1147 709 1202 mihi
726 1147 815 1202 usum
831 1152 880 1212 est,
894 1164 949 1202 non
959 1152 1067 1203 serrata
1077 1147 1168 1202 debita
1179 1145 1211 1200 in
1220 1148 1297 1200 tanto

66 1230 187 1302 negotio
196 1229 331 1301 maritate
341 1232 482 1301 agebatur,
494 1230 586 1286 omnia
596 1229 649 1283 sibi
664 1229 791 1298 imposita
802 1234 829 1285 et
840 1229 986 1298 proposita,
999 1229 1082 1285 etiam
1094 1229 1143 1283 illa
1152 1229 1187 1284 de
1198 1226 1297 1297 quibus

66 1318 114 1371 aa
132 1312 272 1369 enudans
290 1317 368 1370 extra
391 1313 510 1382 (iamper
531 1313 562 1367 in
582 1311 689 1367 Swollis
711 1316 739 1367 et
759 1311 790 1366 in
812 1311 1011 1382 woudrichem
1030 1309 1224 1376 testimonium,
1247 1325 1297 1378 per

61 1393 416 1468 junmerrbrm'requisitua
425 1394 595 1464 praedicasse
610 1393 736 1463 negavit3
755 1410 810 1461 qua
826 1394 971 1463 negatione
987 1392 1207 1458 facts,don1inus
1222 1391 1295 1446 rica-

66 1479 133 1536 rius
142 1494 209 1535 cum
218 1479 435 1536 mendicantibus
445 1482 474 1534 et
488 1477 550 1532 aliis
566 1477 623 1531 suis
639 1475 769 1533 adhibitis
780 1477 909 1543 decrerit,
922 1482 955 1533 ut
965 1477 1120 1546 praedictus
1131 1477 1296 1533 Bartholdus

66 1563 187 1632 singula
202 1566 301 1632 negata
317 1560 475 1631 inproprie
485 1576 599 1628 persona
616 1560 646 1613 in
664 1561 784 1628 Gampen
794 1564 822 1614 et
833 1559 941 1614 Swollis
951 1559 1024 1613 villis
1035 1577 1065 1615 se
1075 1576 1188 1627 negasse
1198 1565 1226 1616 et
1242 1577 1297 1615 non

65 1646 178 1701 dixisse
186 1645 347 1714 pubhcaret.
361 1642 392 1697 Si
402 1641 517 1698 ulterior
532 1642 673 1711 inquisitio
684 1647 712 1698 et
722 1642 846 1711 probatio
858 1641 919 1698 fieri
929 1643 1035 1709 debeat,
1047 1647 1138 1700 restra
1148 1636 1296 1712 paternitas

68 1727 234 1784 munt.

105 1808 191 1866 Unde
205 1809 241 1864 ad
250 1810 428 1877 augmentum
440 1807 503 1883 fidei
519 1812 547 1863 et
562 1810 671 1863 sanctam
686 1807 817 1863 ecclesiae
834 1807 1062 1864 constructionem
1073 1823 1134 1864 mea
1150 1806 1299 1876 praesumit

28 1918 32 1923 ·
68 1897 103 1950 et
118 1891 232 1948 omuino
247 1895 338 1959 spemt
353 1890 526 1954 conscientia,
539 1896 571 1946 ut
581 1895 671 1946 vestra
686 1891 835 1959 paternitas
850 1891 881 1944 in
896 1891 940 1945 his
959 1893 1040 1947 rebus
1050 1892 1117 1946 velit
1127 1889 1299 1959 pastoraliter

70 1977 195 2047 vigilare
210 1979 238 2031 et
254 1972 457 2043 inquisitionem
473 1972 640 2037 ulteriorem,
653 1990 735 2040 quam
751 1990 795 2027 res
812 1972 907 2049 exigit,
920 1991 975 2028 non
992 1979 1159 2042 postponere
1173 1972 1252 2036 Quod
1268 1971 1298 2025 in

71 2059 196 2123 Christo,
210 2055 258 2126 qui
273 2056 379 2111 habitat
394 2071 445 2124 per
455 2056 536 2110 iidem
552 2054 582 2109 in
593 2054 678 2119 vobis,
691 2055 808 2110 fideliter
818 2059 846 2110 et
861 2055 1016 2110 humillime
1031 2061 1059 2110 ct
1074 2054 1179 2110 intimis
1190 2053 1298 2108 fletibus

69 2141 209 2211 supplico.
223 2140 276 2195 Sed
286 2139 339 2194 hoc
356 2155 406 2206 pro
423 2136 578 2192 firmissimo
589 2137 658 2191 mihi
675 2154 750 2192 mens
767 2138 797 2191 in
810 2137 917 2193 Christo
935 2138 1068 2194 conclusit
1083 2142 1112 2193 et
1127 2137 1254 2201 firmavit,
1267 2139 1299 2190 ut

68 2230 167 2280 rema
178 2223 263 2292 pietas
272 2239 324 2277 nec
334 2221 460 2288 precibus
471 2236 521 2273 neo
532 2219 620 2287 pretio
632 2236 681 2274 nec
693 2221 900 2288 quibuscunque
917 2219 1110 2289 instigantibus
1126 2223 1173 2275 aut
1189 2236 1297 2274 moven-

69 2306 150 2363 tibus
161 2305 245 2374 possit
258 2304 293 2359 ad
309 2303 362 2358 hoc
373 2301 476 2357 moveri
487 2302 531 2356 rel
542 2301 649 2367 deduci,
662 2303 786 2357 attalem
798 2302 937 2358 indoctam
948 2303 1129 2372 vulpeculam,
1142 2303 1299 2356 mendacem

69 2391 103 2443 et
119 2384 283 2440 multiformi
298 2382 468 2452 turpitudine
485 2382 637 2437 difformem
649 2383 762 2437 bestiam
773 2389 800 2438 et
816 2400 880 2438 rere
897 2385 931 2439 de
947 2384 1052 2438 haeresi
1072 2383 1299 2452 suspectissimam

69 2471 110 2526 de
125 2472 218 2525 cetero
234 2465 391 2522 admittatis.
409 2464 511 2521 Doceat
528 2465 621 2520 unctio
637 2470 731 2520 sancta
749 2465 936 2534 dignafiown
952 2471 1070 2522 vestram
1086 2467 1188 2524 doloris
1204 2467 1299 2523 mauis

70 2550 207 2607 accimiae
223 2548 326 2606 mederi
343 2547 502 2613 visceribus,
515 2547 614 2615 quibus
630 2547 811 2603 indissolubili
829 2547 940 2604 vinculo
957 2549 1075 2618 Spiritus
1091 2567 1192 2616 omnes,
1205 2551 1252 2618 qui
1268 2550 1299 2605 in

72 2629 673 2698 canstosumus,suavissime0011igunmr.
692 2629 724 2685 In
744 2630 842 2697 quibus
858 2648 907 2685 ros
926 2633 1075 2686 secundum
1095 2631 1146 2687 Dei
1166 2631 1299 2701 Spiritum
1405 2662 1408 2669 ·

71 2721 210 2784 quanmm
221 2714 374 2784 optcjungi
390 2717 418 2768 et
433 2711 542 2778 vinciri,
556 2730 611 2767 non
622 2717 707 2781 potest
724 2715 820 2768 charta
831 2715 990 2782 exprimere.
1005 2715 1058 2770 Sed
1073 2715 1161 2771 valate
1177 2716 1299 2771 valenter

70 2798 105 2852 in
124 2797 180 2852 hac
197 2796 460 2868 peregrinationem
475 2794 635 2850 brevissima
653 2800 680 2850 et
699 2794 824 2864 pessima,
838 2795 940 2852 Christi
956 2796 1084 2864 vicarius,
1096 2798 1190 2854 ovium
1206 2803 1298 2867 pastor

71 2884 104 2937 et
113 2879 270 2950 speculatur
279 2883 375 2936 contra
388 2878 563 2934 inimicorum
573 2877 695 2934 insidias.

338 2993 606 3133 Aequoiiaramrdi
624 2995 727 3064 Macci
746 2996 876 3065 epistolae
893 2996 940 3051 XI
943 2997 974 3062 V,
986 2997 1037 3053 bh.
1050 3000 1136 3064 36-39,
1153 2999 1210 3053 met
1225 3012 1297 3052 com·

369 3094 433 3132 men
495 3119 502 3132 .

644 3203 733 3272 228.

127 3358 321 3430 Omsireeks
347 3360 452 3440 1380,
475 3359 666 3429 Deventer?
688 3359 781 3428 Brief
801 3383 866 3429 van
889 3363 989 3431 Geert
1011 3364 1133 3432 Groote
1149 3384 1210 3430 aen
1234 3363 1298 3432 den

76 3465 199 3533 vicarie
214 3486 280 3532 van
296 3465 359 3531 den
375 3464 525 3549 bisschop
543 3484 605 3530 ven
624 3465 762 3532 Utrecht
785 3487 863 3532 over
886 3466 1025 3534 brocder
1040 3468 1299 3536 Bartholomaeus

75 3567 130 3658 (of
142 3567 364 3656 Bartholdus).
387 3606 419 3618 -
438 3568 491 3655 Hij
510 3568 622 3652 dringt
638 3588 675 3633 er
690 3589 730 3653 op
748 3590 822 3647 aen,
839 3570 894 3637 dat
910 3591 990 3638 eene
1003 3572 1175 3657 scherpere
1191 3572 1299 3656 lnqui-

77 3672 155 3739 sitie
171 3678 268 3758 tegen
291 3671 331 3737 de
355 3671 482 3738 letters
498 3670 618 3755 noodig
635 3670 674 3736 is.
694 3671 808 3737 Indien
826 3671 865 3738 de
889 3672 1043 3741 bedoelde
1059 3674 1197 3741 brocder
1213 3675 1299 3762 ziJ'ne

77 3794 272 3842 sermoenen
294 3793 370 3859 mag
385 3770 622 3858 herbaginnen‚
641 3775 692 3840 zal
716 3774 844 3841 daaruit
861 3797 921 3842 een
945 3777 1159 3866 schrikkelijk
1183 3777 1300 3844 schan-

78 3878 156 3944 daal
171 3880 337 3943 ontstaan.
356 3878 401 3942 De
418 3895 497 3961 paus
512 3877 563 3942 zal
581 3876 614 3942 in
630 3875 653 3943 ‘t
669 3877 765 3944 einde
780 3879 848 3944 niet
866 3879 1053 3945 onbemoeid
1069 3881 1203 3945 kunnan
1226 3879 1302 3965 blij·

76 4001 157 4045 ven.
176 3981 248 4046 Aan
273 3979 401 4045 iemand
417 3979 466 4044 uit
482 3980 538 4044 het
556 3978 838 4047 over-lisselsche
854 4002 913 4048 zou
938 3983 977 4047 dc
1001 3981 1150 4068 hisschop
1174 3989 1302 4049 moeten

77 4083 145 4150 last
162 4101 267 4169 geren
286 4102 338 4147 om
366 4082 495 4148 nieuwc
523 4083 767 4170 getuigenissen
784 4089 882 4171 tegen
914 4083 988 4150 dien
1004 4085 1160 4151 valschen
1176 4084 1305 4171 profect

77 4192 114 4254 te
129 4185 349 4253 verzamelen.

95 4323 143 4378 ad
153 4323 275 4377 eundem
286 4321 320 4375 de
331 4321 426 4375 eodem
437 4321 502 4390 [leg.
515 4321 561 4374 Ad
572 4321 711 4376 Florentii
723 4325 843 4392 episcopi
860 4325 998 4377 vicarium
1010 4324 1044 4377 de
1055 4323 1289 4391 BortbclcmccNJ

112 4421 217 4478 Potens
236 4420 354 4486 domine,
376 4419 446 4473 scire
466 4419 616 4490 dignemini
636 4422 709 4488 quod
728 4422 853 4477 haereses
869 4425 928 4493 jam
948 4424 1049 4478 multae
1069 4427 1095 4478 et
1114 4423 1308 4478 secretissimae

77 4509 203 4578 serpunt.
217 4503 297 4560 Unde
309 4501 489 4560 necesarium
502 4506 543 4558 est
552 4504 631 4558 valde
643 4503 725 4560 statui
737 4504 867 4560 ecclesiae
878 4509 986 4560 sanctae
998 4510 1025 4561 et
1037 4505 1098 4561 fidei
1111 4505 1308 4562 sincerissimae

1207 4626 1238 4675 lo
