3194 5408
599 517 704 574 ANNO
718 520 795 574 1411
1262 520 1312 572 269

103 657 344 740 securamen,
358 659 396 726 of
406 659 544 727 broeder
555 661 690 729 Willem
705 661 781 728 aoht
792 660 913 728 andere
925 659 1089 747 delingen,
1105 660 1157 728 die
1171 662 1306 729 worden

10 766 14 824 ἓ
113 764 273 846 bbgcsond
304 763 396 834 heeft
419 763 611 851 verspreid;
638 763 903 850 dienaangaande
927 765 977 831 zal
1004 762 1142 831 broedei
1168 766 1304 833 Willem

10 864 41 953 J·
119 854 349 936 inuncans
371 865 555 937 kanonieke
580 866 819 953 boetedoening
846 871 976 934 moeten
1000 867 1237 954 onderwerpen
1264 889 1307 937 en
1359 930 1367 952 Ι

10 963 32 1050 Ξ,
126 957 218 1039 itone
229 971 289 1039 den
304 970 367 1058 tijd
380 991 446 1039 van
461 970 529 1038 drie
540 971 638 1059 jaren
654 971 689 1038 in
705 971 764 1037 het
778 970 904 1037 kasteel
920 990 985 1038 van
1006 969 1091 1038 Selle
1106 970 1304 1059 verblijven;

128 1071 214 1140 reru
224 1076 271 1142 rai
285 1075 332 1164 hij
345 1075 382 1141 in
396 1095 457 1142 een
472 1074 617 1141 kloostcr
632 1074 736 1162 ziJner
748 1074 826 1141 orde
838 1073 974 1140 worden
990 1075 1180 1161 opgeeloten
1192 1095 1234 1141 en
1249 1075 1310 1141 het

130 1171 177 1242 niet
187 1197 289 1265 nogen
304 1177 455 1245 verlaten
470 1176 591 1244 zonder
605 1177 645 1244 de
663 1178 822 1264 toelating
837 1197 902 1243 van
925 1177 988 1243 den
1005 1175 1169 1266 bissc'hop.
1187 1178 1242 1266 Hij
1258 1177 1309 1245 zal

10 1264 30 1356 ².
130 1273 178 1347 niet
188 1300 263 1348 neor
276 1301 394 1369 mogen
410 1280 568 1368 prediken
584 1281 668 1350 noch
687 1278 797 1348 biecht
808 1281 944 1347 hooren.
961 1281 1022 1349 'lot
1033 1282 1091 1349 dat
1106 1282 1186 1359 alles
1201 1281 1309 1349 wordt

128 1372 325 1467 iijvervezen
340 1383 455 1452 buiten
471 1384 511 1452 do
525 1384 644 1455 kosten
661 1404 724 1452 van
741 1386 800 1452 het
816 1382 948 1471 geding.

155 1482 194 1551 be
206 1485 346 1575 birschop
357 1492 457 1575 voagt
468 1508 505 1554 er
515 1486 574 1576 bij,
586 1487 649 1555 dat
660 1486 798 1554 broeder
809 1488 943 1557 Willem
959 1487 993 1553 in
1005 1488 1091 1575 zijne
1102 1492 1308 1574 tegenvoor·

124 1579 226 1671 dgbeid
237 1592 293 1660 het
307 1593 425 1659 ronnis
439 1590 622 1677 ootmoedig
633 1595 820 1677 ontvangen
836 1611 878 1656 en
896 1589 1038 1679 dodelijk
1053 1592 1138 1678 zijne
1153 1592 1306 1679 dolingen

119 1679 195 1759 ten
213 1692 401 1782 herroepen,
426 1693 603 1761 belovende
631 1694 703 1760 zich
726 1681 789 1760 ooli
812 1713 896 1759 naar
917 1694 949 1761 al
970 1695 993 1761 't
1016 1695 1147 1780 overige
1171 1697 1249 1782 stipt
1273 1699 1306 1762 te

112 1787 265 1882 sarain.
280 1799 342 1866 Tot
356 1796 540 1885 getoigenis
555 1816 619 1863 ven
636 1796 685 1863 dit
699 1797 780 1864 elles
794 1795 884 1862 heeft
899 1795 939 1863 de
954 1794 1103 1882 bisschop
1120 1798 1198 1864 deae
1213 1803 1307 1865 ncta·

107 1887 274 1967 nieleacte
289 1901 379 1968 laten
406 1900 578 1987 opmaken.
605 1901 730 1986 Daarop
746 1899 864 1985 volgen
888 1898 928 1965 de
950 1919 1068 1966 namen
1093 1900 1150 1968 der
1172 1901 1306 1990 talriJke

101 1995 256 2089 remigio,
274 2007 378 2072 meost
394 2003 607 2070 kannnniken
625 2023 665 2068 en
689 2002 933 2089 kerkvoogden,
959 2002 1073 2070 alsook
1101 2004 1140 2070 de
1164 2002 1307 2072 bevesti-

97 2091 174 2184 C'flg
201 2124 256 2176 ran
276 2106 399 2179 Arnolf
410 2092 459 2175 'de
479 2108 588 2187 Poest,
618 2106 759 2191 priester
783 2126 823 2172 en
848 2105 973 2173 notaris
995 2124 1059 2175 van
1084 2106 1143 2174 het
1166 2105 1301 2175 bisdom.

116 2278 242 2349 Moser
262 2303 349 2351 sectae
366 2294 513 2350 dominum
531 2294 738 2363 intelligentiae
757 2301 782 2348 et
800 2311 948 2364 processus
968 2296 1058 2362 factus
1076 2304 1172 2350 ceretro
1190 2297 1309 2363 fratrem

39 2382 42 2387 '
96 2359 276 2430 wilhelmum
287 2377 323 2431 de
337 2375 554 2441 Hildmissem,
575 2377 685 2430 ordinis
703 2377 796 2429 berrae
816 2376 930 2430 Mariae
949 2376 984 2428 de
1000 2383 1093 2430 monte
1114 2375 1246 2442 Carmeli,
1255 2394 1309 2446 per

89 2441 212 2510 ΡΜ
221 2459 376 2525 dediliaco,
388 2463 545 2528 episcopum
556 2458 790 2523 cameracensem,
802 2475 877 2512 aneo
888 2459 992 2513 Christi
1002 2457 1174 2514 MCCCCXI.

98 2534 259 2631 ‘Universa
275 2559 303 2611 et
318 2555 433 2625 singulis
445 2556 547 2610 Christi
558 2555 683 2610 fidelibus
694 2560 749 2611 tam
761 2555 947 2625 praesentibus
963 2571 1045 2623 quam
1064 2547 1163 2612 futuris
1180 2573 1303 2625 praesen·

88 2625 161 2714 Q
176 2633 322 2695 marrim
332 2639 430 2693 seriem
440 2637 594 2693 litterarum
606 2637 768 2704 inspecturis
779 2638 886 2704 Petrus,
894 2636 1067 2694 miseratione
1077 2638 1171 2695 divina
1179 2639 1305 2694 Comam-

90 2716 186 2765 Μ
194 2719 331 2789 episcopus,
344 2723 459 2776 salutem
469 2721 501 2776 in
512 2722 627 2777 Domino
636 2722 837 2790 sempiternam.

118 2781 223 2854 Notum
232 2802 344 2858 fecimus
355 2805 436 2871 quod,
449 2822 513 2858 cum
526 2821 621 2872 nuper,
634 2806 707 2872 quod
723 2823 779 2860 non
794 2805 853 2861 sine
872 2805 961 2861 cordis
979 2806 1135 2861 turbatione
1150 2805 1302 2871 referimus,

94 2874 303 2939 morulans
313 2885 492 2954 devolutaque
513 2887 587 2940 fama
599 2887 676 2941 nobis
698 2886 860 2943 intimarunt
877 2888 949 2956 quod
965 2887 1155 2942 abominabilis
1171 2888 1304 2955 quaedem

96 2947 179 3019 Q
189 2970 342 3029 procurante
360 2972 450 3022 satore
468 2969 603 3022 malorum
623 2985 745 3037 operum,
763 2968 794 3021 in
812 2967 879 3022 villa
895 2973 986 3024 nostra
1003 2967 1174 3024 Bruxellensi
1190 2968 1305 3024 diocesis

99 3033 201 3098 amine
215 3048 410 3103 Cameracensis
430 3051 622 3105 damnabiliter
640 3049 828 3114 insurrexerit,
841 3053 919 3118 cujus
935 3055 1023 3106 sectae
1040 3049 1204 3105 detestabilis
1220 3068 1302 3119 quen·

101 3122 165 3178 (ΝΠ
177 3127 310 3197 Aegidium
327 3132 471 3186 Centonem
491 3133 642 3202 vulgariter
670 3139 857 3201 nuncupatum
874 3137 955 3200 caput
972 3132 1090 3188 extitisse
1102 3133 1174 3186 tama
1193 3132 1304 3201 publica

104 3201 211 3276 misr,
223 3214 310 3281 spinas
318 3214 348 3268 in
360 3215 453 3269 eadem
465 3215 606 3269 inferendo
618 3217 752 3282 cordaque
761 3215 882 3269 fidelium
892 3233 909 3268 a
917 3216 1067 3269 catholicae
1076 3214 1139 3269 fidei
1148 3215 1303 3269 tramitibus

102 3281 269 3350 eobanum
278 3298 395 3364 quadam
406 3297 556 3352 sanctitatis
568 3298 656 3364 specie
667 3298 840 3360 retrahendo,
854 3315 902 3351 nos
912 3302 945 3351 ut
952 3298 1074 3364 vipereos
1084 3297 1212 3363 perfidiae
1221 3298 1300 3361 filios,

103 3377 336 3444 nequitiarium
346 3395 395 3446 per
403 3396 465 3432 oves
475 3379 613 3432 morbidas
622 3379 733 3446 gravior
741 3378 913 3447 infligeretur
925 3381 1079 3447 corruptela
1099 3384 1126 3434 et
1136 3387 1167 3434 ut
1177 3397 1301 3447 praecur-

97 3455 176 3516 tertis
185 3459 267 3514 famae
278 3460 411 3528 pernicies
428 3461 510 3514 officii
528 3461 612 3515 nostri
625 3460 767 3528 pastoralis
778 3461 889 3516 sentiret
906 3462 1022 3524 eculeos,
1035 3461 1189 3529 hujusmodi
1201 3466 1301 3517 sectam

92 3542 268 3600 detestabilem
289 3548 317 3599 et
339 3544 424 3611 ipsius
445 3545 609 3599 execrandos
630 3562 736 3599 errores
758 3562 792 3598 ne
814 3548 1007 3612 spargerentur
1028 3543 1143 3598 ulterius
1164 3543 1302 3612 extirpare

87 3623 216 3685 radicitiis
231 3629 372 3690 tentantes,
385 3631 417 3680 ut
432 3644 513 3695 super
532 3630 608 3681 tanto
625 3627 739 3681 crimine
756 3625 833 3680 taciti
853 3643 907 3680 non
927 3626 1089 3690 videremur,
1108 3627 1230 3694 exemplo
1249 3627 1299 3681 Dei

83 3707 298 3776 cunctipotentis,
312 3707 359 3776 qui
372 3707 550 3762 Sodomorum
561 3709 642 3769 mala,
657 3725 772 3775 quorum
783 3708 887 3762 clamor
903 3726 988 3776 usque
1005 3709 1040 3762 ad
1057 3709 1161 3763 coelum
1173 3726 1299 3776 pervene-

78 3796 136 3856 rat,
148 3791 240 3844 omnia
250 3791 336 3845 sciens
348 3790 423 3857 prius
435 3807 484 3843 neo
496 3790 605 3843 tradere
615 3789 659 3842 vel
667 3789 793 3857 judicare
805 3789 924 3856 aliquem
936 3789 1023 3844 voluit
1034 3808 1115 3856 quam
1126 3790 1183 3858 ipsc
1194 3809 1227 3845 ea
1238 3809 1300 3846 cnm

77 3872 209 3933 fidelibus
220 3874 331 3928 metibus
348 3872 522 3939 investigans,
536 3889 605 3939 quea
617 3871 741 3926 audierat
758 3889 838 3938 opere
856 3874 1052 3938 comprobaret,
1066 3889 1113 3926 nos
1131 3877 1193 3927 ante
1210 3891 1301 3928 veram

68 3961 235 4031 justamque
244 3954 430 4022 probationem
442 3953 578 4008 neminem
586 3953 712 4020 judicare
722 3954 766 4007 vel
774 3955 904 4008 damnare
915 3956 1033 4008 volentes
1042 3971 1074 4008 ac
1083 3959 1138 4010 tam
1148 3957 1244 4024 gravia
1252 3958 1302 4011 sub

72 4038 254 4098 simulatione
265 4037 430 4106 pertransire
442 4038 572 4100 nolentes,
584 4036 615 4089 in
627 4036 722 4104 primis
732 4038 765 4090 de
777 4037 936 4104 sequacibus
947 4039 970 4105 ej
975 4038 1066 4092 uadem
1083 4044 1171 4094 sectae
1187 4040 1299 4093 deteste-

72 4123 144 4180 bilis
165 4121 303 4188 inquirere
322 4120 433 4173 fecimus
445 4118 596 4182 veritatem,
610 4118 681 4172 inter
701 4136 767 4186 quos
784 4123 810 4173 te
820 4119 933 4173 fratrem
950 4119 1132 4175 Wilhelmum
1148 4122 1182 4174 dc
1194 4121 1299 4175 Hilder-

71 4207 191 4266 nissem,
216 4201 318 4255 ordinis
341 4203 456 4255 fratrum
474 4202 568 4255 beatae
588 4200 693 4254 Mariae
712 4201 746 4253 de
765 4205 856 4254 monte
879 4201 1005 4265 Carmeli,
1027 4204 1126 4256 nedum
1145 4203 1300 4273 hujusmodi

70 4291 169 4344 sectae
182 4283 357 4347 detestabilis,
371 4285 415 4337 sed
428 4284 500 4350 quod
511 4283 579 4335 alios
590 4300 696 4336 errores
707 4282 788 4337 etiam
800 4283 829 4337 in
841 4284 894 4337 fide
905 4283 1039 4337 catholica
1050 4285 1236 4352 publicaveras
1247 4285 1301 4339 tuis

69 4374 103 4428 in
112 4370 170 4424 hoc
183 4366 301 4420 motibus
313 4366 480 4429 inconsultis,
492 4367 559 4419 adeo
572 4365 702 4432 processit
713 4365 742 4419 in
753 4365 893 4432 publicum
905 4367 977 4434 quod
988 4370 1052 4422 tuse
1063 4367 1179 4424 levitatis
1196 4384 1300 4422 errores

70 4449 247 4510 inconsultos
258 4449 376 4503 nansiie
388 4466 442 4502 non
453 4448 590 4516 potuimus
600 4448 773 4504 incorrectos.

106 4533 205 4603 Igitur
215 4535 241 4588 te
257 4533 295 4588 ad
305 4532 487 4601 praesentiam
503 4536 624 4588 nostram
635 4532 761 4600 primitus
771 4534 880 4591 evocari
890 4533 1004 4590 fecimus
1014 4532 1195 4602 articulosque
1206 4532 1297 4602 plures
