<?xml version="1.0" encoding="UTF-8"?>
<!DOCTYPE html PUBLIC "-//W3C//DTD XHTML 1.0 Transitional//EN"
    "http://www.w3.org/TR/xhtml1/DTD/xhtml1-transitional.dtd">
<html xmlns="http://www.w3.org/1999/xhtml" xml:lang="en" lang="en">
 <head>
  <title>
</title>
<meta http-equiv="Content-Type" content="text/html;charset=utf-8" />
  <meta name='ocr-system' content='tesseract 3.04.00' />
  <meta name='ocr-capabilities' content='ocr_page ocr_carea ocr_par ocr_line ocrx_word'/>
</head>
<body>
  <div class='ocr_page' id='page_1' title='image "./corpusdocumento04frgoog_0106.png"; bbox 0 0 3194 5408; ppageno 0'>
   <div class='ocr_carea' id='block_1_1' title="bbox 586 521 1295 577">
    <p class='ocr_par' dir='ltr' id='par_1_1' title="bbox 586 521 1295 577">
     <span class='ocr_line' id='line_1_1' title="bbox 586 521 1295 577; baseline -0.003 0"><span class='ocrx_word' id='word_1_1' title='bbox 586 521 686 577; x_wconf 83' lang='lat' dir='ltr'><strong>ANNO</strong></span> <span class='ocrx_word' id='word_1_2' title='bbox 705 523 781 577; x_wconf 82' lang='lat'>1185</span> <span class='ocrx_word' id='word_1_3' title='bbox 1263 523 1295 576; x_wconf 76' lang='lat'>57</span> 
     </span>
    </p>
   </div>
   <div class='ocr_carea' id='block_1_2' title="bbox 51 659 1296 4529">
    <p class='ocr_par' dir='ltr' id='par_1_2' title="bbox 55 659 1296 2706">
     <span class='ocr_line' id='line_1_2' title="bbox 57 659 1295 731; baseline 0 -13"><span class='ocrx_word' id='word_1_4' title='bbox 57 666 232 718; x_wconf 65' lang='lat' dir='ltr'>manser</span> <span class='ocrx_word' id='word_1_5' title='bbox 244 663 397 731; x_wconf 89' lang='lat' dir='ltr'>omnesqui</span> <span class='ocrx_word' id='word_1_6' title='bbox 411 659 542 731; x_wconf 75' lang='lat' dir='ltr'>prohibiti</span> <span class='ocrx_word' id='word_1_7' title='bbox 552 663 587 717; x_wconf 91' lang='lat' dir='ltr'>ab</span> <span class='ocrx_word' id='word_1_8' title='bbox 597 662 712 718; x_wconf 88' lang='lat' dir='ltr'>ecclesia</span> <span class='ocrx_word' id='word_1_9' title='bbox 721 666 813 731; x_wconf 88' lang='lat' dir='ltr'>preter</span> <span class='ocrx_word' id='word_1_10' title='bbox 823 662 1015 718; x_wconf 89' lang='lat' dir='ltr'>auctoritatem</span> <span class='ocrx_word' id='word_1_11' title='bbox 1026 663 1060 716; x_wconf 92' lang='lat' dir='ltr'>ab</span> <span class='ocrx_word' id='word_1_12' title='bbox 1073 661 1222 730; x_wconf 87' lang='lat' dir='ltr'>apostolica</span> <span class='ocrx_word' id='word_1_13' title='bbox 1233 663 1295 718; x_wconf 89' lang='lat' dir='ltr'>sede</span> 
     </span>
     <span class='ocr_line' id='line_1_3' title="bbox 56 745 1295 818; baseline 0.002 -19"><span class='ocrx_word' id='word_1_14' title='bbox 56 748 100 801; x_wconf 87' lang='lat' dir='ltr'>rel</span> <span class='ocrx_word' id='word_1_15' title='bbox 119 749 299 818; x_wconf 90' lang='lat' dir='ltr'>abepiscopo</span> <span class='ocrx_word' id='word_1_16' title='bbox 316 746 370 803; x_wconf 87' lang='lat' dir='ltr'>loci</span> <span class='ocrx_word' id='word_1_17' title='bbox 382 751 534 815; x_wconf 87' lang='lat' dir='ltr'>susceptam</span> <span class='ocrx_word' id='word_1_18' title='bbox 553 747 661 815; x_wconf 83' lang='lat' dir='ltr'>publice</span> <span class='ocrx_word' id='word_1_19' title='bbox 677 747 721 800; x_wconf 90' lang='lat' dir='ltr'>vel</span> <span class='ocrx_word' id='word_1_20' title='bbox 740 746 868 814; x_wconf 91' lang='lat' dir='ltr'>privatim</span> <span class='ocrx_word' id='word_1_21' title='bbox 881 746 1022 815; x_wconf 84' lang='lat' dir='ltr'>predicare</span> <span class='ocrx_word' id='word_1_22' title='bbox 1032 745 1254 815; x_wconf 76' lang='lat' dir='ltr'>presumpserint,</span> <span class='ocrx_word' id='word_1_23' title='bbox 1267 750 1295 801; x_wconf 90' lang='lat' dir='ltr'>et</span> 
     </span>
     <span class='ocr_line' id='line_1_4' title="bbox 56 827 1295 899; baseline -0.001 -16"><span class='ocrx_word' id='word_1_24' title='bbox 56 831 204 886; x_wconf 81' lang='lat' dir='ltr'>universos</span> <span class='ocrx_word' id='word_1_25' title='bbox 221 831 270 899; x_wconf 91' lang='lat' dir='ltr'>qui</span> <span class='ocrx_word' id='word_1_26' title='bbox 287 831 321 885; x_wconf 88' lang='lat' dir='ltr'>de</span> <span class='ocrx_word' id='word_1_27' title='bbox 338 833 508 884; x_wconf 87' lang='lat' dir='ltr'>sacramento</span> <span class='ocrx_word' id='word_1_28' title='bbox 520 829 641 897; x_wconf 89' lang='lat' dir='ltr'>corporis</span> <span class='ocrx_word' id='word_1_29' title='bbox 659 834 686 883; x_wconf 91' lang='lat' dir='ltr'>et</span> <span class='ocrx_word' id='word_1_30' title='bbox 702 829 845 898; x_wconf 79' lang='lat' dir='ltr'>sanguinis</span> <span class='ocrx_word' id='word_1_31' title='bbox 863 828 972 882; x_wconf 89' lang='lat' dir='ltr'>Domini</span> <span class='ocrx_word' id='word_1_32' title='bbox 990 828 1075 883; x_wconf 82' lang='lat' dir='ltr'>nostri</span> <span class='ocrx_word' id='word_1_33' title='bbox 1090 827 1174 882; x_wconf 81' lang='lat' dir='ltr'>Jhesu</span> <span class='ocrx_word' id='word_1_34' title='bbox 1193 827 1295 882; x_wconf 88' lang='lat' dir='ltr'>Christi</span> 
     </span>
     <span class='ocr_line' id='line_1_5' title="bbox 58 911 1294 983; baseline 0.002 -19"><span class='ocrx_word' id='word_1_35' title='bbox 58 913 102 966; x_wconf 85' lang='lat' dir='ltr'>rel</span> <span class='ocrx_word' id='word_1_36' title='bbox 121 916 156 968; x_wconf 89' lang='lat' dir='ltr'>de</span> <span class='ocrx_word' id='word_1_37' title='bbox 174 915 338 983; x_wconf 74' lang='lat' dir='ltr'>baptimate</span> <span class='ocrx_word' id='word_1_38' title='bbox 354 931 401 968; x_wconf 90' lang='lat' dir='ltr'>seu</span> <span class='ocrx_word' id='word_1_39' title='bbox 418 915 591 980; x_wconf 88' lang='lat' dir='ltr'>peccatorum</span> <span class='ocrx_word' id='word_1_40' title='bbox 611 913 779 967; x_wconf 69' lang='lat' dir='ltr'>confossione</span> <span class='ocrx_word' id='word_1_41' title='bbox 799 917 847 967; x_wconf 87' lang='lat' dir='ltr'>aut</span> <span class='ocrx_word' id='word_1_42' title='bbox 867 912 901 967; x_wconf 92' lang='lat' dir='ltr'>de</span> <span class='ocrx_word' id='word_1_43' title='bbox 918 912 1092 966; x_wconf 89' lang='lat' dir='ltr'>matrimonio</span> <span class='ocrx_word' id='word_1_44' title='bbox 1111 929 1159 966; x_wconf 91' lang='lat' dir='ltr'>seu</span> <span class='ocrx_word' id='word_1_45' title='bbox 1180 911 1294 980; x_wconf 90' lang='lat' dir='ltr'>reliquis</span> 
     </span>
     <span class='ocr_line' id='line_1_6' title="bbox 55 994 1296 1063; baseline 0.002 -14"><span class='ocrx_word' id='word_1_46' title='bbox 55 995 255 1050; x_wconf 70' lang='lat' dir='ltr'>eochsiasticis</span> <span class='ocrx_word' id='word_1_47' title='bbox 265 995 443 1050; x_wconf 90' lang='lat' dir='ltr'>sacramentis</span> <span class='ocrx_word' id='word_1_48' title='bbox 454 994 535 1049; x_wconf 88' lang='lat' dir='ltr'>ahter</span> <span class='ocrx_word' id='word_1_49' title='bbox 543 995 643 1049; x_wconf 89' lang='lat' dir='ltr'>sentire</span> <span class='ocrx_word' id='word_1_50' title='bbox 660 997 703 1050; x_wconf 90' lang='lat' dir='ltr'>vel</span> <span class='ocrx_word' id='word_1_51' title='bbox 715 997 812 1050; x_wconf 93' lang='lat' dir='ltr'>docere</span> <span class='ocrx_word' id='word_1_52' title='bbox 821 1012 876 1049; x_wconf 92' lang='lat' dir='ltr'>non</span> <span class='ocrx_word' id='word_1_53' title='bbox 884 999 1009 1050; x_wconf 88' lang='lat' dir='ltr'>metuunt</span> <span class='ocrx_word' id='word_1_54' title='bbox 1029 1013 1110 1063; x_wconf 91' lang='lat' dir='ltr'>quam</span> <span class='ocrx_word' id='word_1_55' title='bbox 1124 1001 1296 1052; x_wconf 88' lang='lat' dir='ltr'>sacrosancta</span> 
     </span>
     <span class='ocr_line' id='line_1_7' title="bbox 57 1073 1295 1146; baseline 0.004 -17"><span class='ocrx_word' id='word_1_56' title='bbox 57 1073 190 1131; x_wconf 81' lang='lat' dir='ltr'>Romana</span> <span class='ocrx_word' id='word_1_57' title='bbox 198 1077 313 1132; x_wconf 83' lang='lat' dir='ltr'>ecelesia</span> <span class='ocrx_word' id='word_1_58' title='bbox 324 1077 448 1145; x_wconf 79' lang='lat' dir='ltr'>predicat</span> <span class='ocrx_word' id='word_1_59' title='bbox 455 1081 483 1131; x_wconf 93' lang='lat' dir='ltr'>et</span> <span class='ocrx_word' id='word_1_60' title='bbox 491 1077 624 1141; x_wconf 89' lang='lat' dir='ltr'>observat,</span> <span class='ocrx_word' id='word_1_61' title='bbox 635 1083 662 1132; x_wconf 90' lang='lat' dir='ltr'>et</span> <span class='ocrx_word' id='word_1_62' title='bbox 671 1079 836 1146; x_wconf 90' lang='lat' dir='ltr'>generaliter</span> <span class='ocrx_word' id='word_1_63' title='bbox 848 1095 1031 1145; x_wconf 90' lang='lat' dir='ltr'>quoscumque</span> <span class='ocrx_word' id='word_1_64' title='bbox 1043 1078 1168 1131; x_wconf 84' lang='lat' dir='ltr'>Romana</span> <span class='ocrx_word' id='word_1_65' title='bbox 1179 1079 1295 1134; x_wconf 89' lang='lat' dir='ltr'>ecclesia</span> 
     </span>
     <span class='ocr_line' id='line_1_8' title="bbox 58 1157 1295 1228; baseline 0.004 -18"><span class='ocrx_word' id='word_1_66' title='bbox 58 1157 105 1210; x_wconf 80' lang='lat' dir='ltr'>vel</span> <span class='ocrx_word' id='word_1_67' title='bbox 116 1158 224 1228; x_wconf 75' lang='lat' dir='ltr'>singuli</span> <span class='ocrx_word' id='word_1_68' title='bbox 240 1158 358 1227; x_wconf 80' lang='lat' dir='ltr'>episcopi</span> <span class='ocrx_word' id='word_1_69' title='bbox 376 1175 425 1226; x_wconf 89' lang='lat' dir='ltr'>per</span> <span class='ocrx_word' id='word_1_70' title='bbox 443 1158 562 1213; x_wconf 86' lang='lat' dir='ltr'>dioceses</span> <span class='ocrx_word' id='word_1_71' title='bbox 581 1176 644 1213; x_wconf 90' lang='lat' dir='ltr'>suas</span> <span class='ocrx_word' id='word_1_72' title='bbox 664 1177 727 1214; x_wconf 88' lang='lat' dir='ltr'>cum</span> <span class='ocrx_word' id='word_1_73' title='bbox 738 1160 852 1214; x_wconf 88' lang='lat' dir='ltr'>consilio</span> <span class='ocrx_word' id='word_1_74' title='bbox 868 1159 1032 1214; x_wconf 89' lang='lat' dir='ltr'>clericorum</span> <span class='ocrx_word' id='word_1_75' title='bbox 1043 1160 1087 1214; x_wconf 90' lang='lat' dir='ltr'>vel</span> <span class='ocrx_word' id='word_1_76' title='bbox 1103 1159 1212 1214; x_wconf 84' lang='lat' dir='ltr'>clericis</span> <span class='ocrx_word' id='word_1_77' title='bbox 1228 1161 1295 1228; x_wconf 91' lang='lat' dir='ltr'>ipsis</span> 
     </span>
     <span class='ocr_line' id='line_1_9' title="bbox 59 1240 1294 1311; baseline 0.003 -17"><span class='ocrx_word' id='word_1_78' title='bbox 59 1240 128 1294; x_wconf 82' lang='lat' dir='ltr'>aede</span> <span class='ocrx_word' id='word_1_79' title='bbox 137 1246 254 1297; x_wconf 86' lang='lat' dir='ltr'>vacante</span> <span class='ocrx_word' id='word_1_80' title='bbox 264 1259 327 1296; x_wconf 87' lang='lat' dir='ltr'>cum</span> <span class='ocrx_word' id='word_1_81' title='bbox 339 1241 463 1304; x_wconf 90' lang='lat' dir='ltr'>consilio,</span> <span class='ocrx_word' id='word_1_82' title='bbox 473 1240 496 1294; x_wconf 91' lang='lat' dir='ltr'>si</span> <span class='ocrx_word' id='word_1_83' title='bbox 508 1243 667 1309; x_wconf 84' lang='lat' dir='ltr'>oportuerit,</span> <span class='ocrx_word' id='word_1_84' title='bbox 678 1242 832 1296; x_wconf 90' lang='lat' dir='ltr'>vicinorum</span> <span class='ocrx_word' id='word_1_85' title='bbox 844 1241 1032 1311; x_wconf 89' lang='lat' dir='ltr'>episcoporum</span> <span class='ocrx_word' id='word_1_86' title='bbox 1043 1242 1177 1297; x_wconf 91' lang='lat' dir='ltr'>hereticos</span> <span class='ocrx_word' id='word_1_87' title='bbox 1185 1243 1294 1311; x_wconf 87' lang='lat' dir='ltr'>judica·</span> 
     </span>
     <span class='ocr_line' id='line_1_10' title="bbox 60 1322 1296 1394; baseline 0.003 -16"><span class='ocrx_word' id='word_1_88' title='bbox 60 1322 165 1389; x_wconf 69' lang='lat' dir='ltr'>mint,</span> <span class='ocrx_word' id='word_1_89' title='bbox 189 1327 249 1394; x_wconf 82' lang='lat' dir='ltr'>pari</span> <span class='ocrx_word' id='word_1_90' title='bbox 268 1324 379 1381; x_wconf 88' lang='lat' dir='ltr'>vinculo</span> <span class='ocrx_word' id='word_1_91' title='bbox 402 1327 526 1393; x_wconf 85' lang='lat' dir='ltr'>perpetui</span> <span class='ocrx_word' id='word_1_92' title='bbox 548 1326 730 1381; x_wconf 81' lang='lat' dir='ltr'>anathematis</span> <span class='ocrx_word' id='word_1_93' title='bbox 750 1326 921 1380; x_wconf 90' lang='lat' dir='ltr'>innodamus.</span> <span class='ocrx_word' id='word_1_94' title='bbox 948 1326 1142 1393; x_wconf 85' lang='lat' dir='ltr'>Receptatores</span> <span class='ocrx_word' id='word_1_95' title='bbox 1164 1327 1247 1382; x_wconf 89' lang='lat' dir='ltr'>etiam</span> <span class='ocrx_word' id='word_1_96' title='bbox 1267 1331 1296 1382; x_wconf 90' lang='lat' dir='ltr'>et</span> 
     </span>
     <span class='ocr_line' id='line_1_11' title="bbox 61 1402 1296 1477; baseline 0.005 -18"><span class='ocrx_word' id='word_1_97' title='bbox 61 1402 221 1462; x_wconf 78' lang='lat' dir='ltr'>defensmes</span> <span class='ocrx_word' id='word_1_98' title='bbox 230 1425 325 1463; x_wconf 91' lang='lat' dir='ltr'>eorum</span> <span class='ocrx_word' id='word_1_99' title='bbox 337 1411 504 1477; x_wconf 86' lang='lat' dir='ltr'>cunctosque</span> <span class='ocrx_word' id='word_1_100' title='bbox 515 1408 618 1476; x_wconf 86' lang='lat' dir='ltr'>pariter</span> <span class='ocrx_word' id='word_1_101' title='bbox 629 1409 677 1476; x_wconf 92' lang='lat' dir='ltr'>qui</span> <span class='ocrx_word' id='word_1_102' title='bbox 688 1409 754 1477; x_wconf 87' lang='lat' dir='ltr'>ipsis</span> <span class='ocrx_word' id='word_1_103' title='bbox 766 1409 893 1464; x_wconf 85' lang='lat' dir='ltr'>hereticis</span> <span class='ocrx_word' id='word_1_104' title='bbox 905 1409 939 1462; x_wconf 88' lang='lat' dir='ltr'>ad</span> <span class='ocrx_word' id='word_1_105' title='bbox 951 1410 1095 1464; x_wconf 83' lang='lat' dir='ltr'>fovendam</span> <span class='ocrx_word' id='word_1_106' title='bbox 1106 1409 1135 1463; x_wconf 91' lang='lat' dir='ltr'>iu</span> <span class='ocrx_word' id='word_1_107' title='bbox 1145 1410 1184 1464; x_wconf 90' lang='lat' dir='ltr'>eis</span> <span class='ocrx_word' id='word_1_108' title='bbox 1193 1409 1296 1465; x_wconf 89' lang='lat' dir='ltr'>heresis</span> 
     </span>
     <span class='ocr_line' id='line_1_12' title="bbox 63 1489 1294 1563; baseline 0.006 -21"><span class='ocrx_word' id='word_1_109' title='bbox 63 1489 231 1552; x_wconf 72' lang='lat' dir='ltr'>pravitatem</span> <span class='ocrx_word' id='word_1_110' title='bbox 247 1491 431 1558; x_wconf 79' lang='lat' dir='ltr'>patrocinium</span> <span class='ocrx_word' id='word_1_111' title='bbox 450 1491 620 1560; x_wconf 77' lang='lat' dir='ltr'>prostiterint</span> <span class='ocrx_word' id='word_1_112' title='bbox 636 1492 748 1560; x_wconf 86' lang='lat' dir='ltr'>aliquod</span> <span class='ocrx_word' id='word_1_113' title='bbox 765 1492 808 1546; x_wconf 90' lang='lat' dir='ltr'>vel</span> <span class='ocrx_word' id='word_1_114' title='bbox 826 1493 960 1556; x_wconf 90' lang='lat' dir='ltr'>favorem,</span> <span class='ocrx_word' id='word_1_115' title='bbox 980 1493 1186 1561; x_wconf 88' lang='lat' dir='ltr'>quibuscunque</span> <span class='ocrx_word' id='word_1_116' title='bbox 1202 1512 1294 1563; x_wconf 91' lang='lat' dir='ltr'>super·</span> 
     </span>
     <span class='ocr_line' id='line_1_13' title="bbox 67 1567 1293 1647; baseline 0.007 -25"><span class='ocrx_word' id='word_1_117' title='bbox 67 1567 188 1626; x_wconf 70' lang='lat' dir='ltr'>sticiods</span> <span class='ocrx_word' id='word_1_118' title='bbox 208 1572 362 1628; x_wconf 89' lang='lat' dir='ltr'>nominibus</span> <span class='ocrx_word' id='word_1_119' title='bbox 382 1573 487 1628; x_wconf 88' lang='lat' dir='ltr'>fuerint</span> <span class='ocrx_word' id='word_1_120' title='bbox 509 1576 669 1643; x_wconf 90' lang='lat' dir='ltr'>nuncupati,</span> <span class='ocrx_word' id='word_1_121' title='bbox 691 1574 776 1628; x_wconf 88' lang='lat' dir='ltr'>simili</span> <span class='ocrx_word' id='word_1_122' title='bbox 798 1573 970 1628; x_wconf 90' lang='lat' dir='ltr'>decernimus</span> <span class='ocrx_word' id='word_1_123' title='bbox 992 1575 1125 1629; x_wconf 87' lang='lat' dir='ltr'>sententie</span> <span class='ocrx_word' id='word_1_124' title='bbox 1145 1578 1293 1647; x_wconf 89' lang='lat' dir='ltr'>subjacere.</span> 
     </span>
     <span class='ocr_line' id='line_1_14' title="bbox 105 1651 1296 1726; baseline 0.003 -16"><span class='ocrx_word' id='word_1_125' title='bbox 105 1651 179 1716; x_wconf 83' lang='lat' dir='ltr'>Quia</span> <span class='ocrx_word' id='word_1_126' title='bbox 198 1672 259 1711; x_wconf 87' lang='lat' dir='ltr'>vero</span> <span class='ocrx_word' id='word_1_127' title='bbox 280 1655 400 1724; x_wconf 88' lang='lat' dir='ltr'>peccatis</span> <span class='ocrx_word' id='word_1_128' title='bbox 415 1656 588 1726; x_wconf 79' lang='lat' dir='ltr'>exigentibus</span> <span class='ocrx_word' id='word_1_129' title='bbox 599 1658 761 1726; x_wconf 91' lang='lat' dir='ltr'>quandoque</span> <span class='ocrx_word' id='word_1_130' title='bbox 778 1657 913 1726; x_wconf 90' lang='lat' dir='ltr'>contingit</span> <span class='ocrx_word' id='word_1_131' title='bbox 929 1660 960 1711; x_wconf 92' lang='lat' dir='ltr'>ut</span> <span class='ocrx_word' id='word_1_132' title='bbox 975 1657 1156 1712; x_wconf 85' lang='lat' dir='ltr'>ecclesiastice</span> <span class='ocrx_word' id='word_1_133' title='bbox 1167 1660 1296 1714; x_wconf 87' lang='lat' dir='ltr'>severitas</span> 
     </span>
     <span class='ocr_line' id='line_1_15' title="bbox 76 1730 1294 1810; baseline 0.001 -16"><span class='ocrx_word' id='word_1_134' title='bbox 76 1730 215 1806; x_wconf 68' lang='lat' dir='ltr'>diaeiphm</span> <span class='ocrx_word' id='word_1_135' title='bbox 224 1740 256 1794; x_wconf 90' lang='lat' dir='ltr'>ab</span> <span class='ocrx_word' id='word_1_136' title='bbox 267 1738 311 1792; x_wconf 85' lang='lat' dir='ltr'>his</span> <span class='ocrx_word' id='word_1_137' title='bbox 324 1738 373 1807; x_wconf 92' lang='lat' dir='ltr'>qui</span> <span class='ocrx_word' id='word_1_138' title='bbox 385 1738 515 1795; x_wconf 87' lang='lat' dir='ltr'>virtutem</span> <span class='ocrx_word' id='word_1_139' title='bbox 526 1742 586 1810; x_wconf 87' lang='lat' dir='ltr'>ejus</span> <span class='ocrx_word' id='word_1_140' title='bbox 598 1757 653 1795; x_wconf 91' lang='lat' dir='ltr'>non</span> <span class='ocrx_word' id='word_1_141' title='bbox 669 1739 837 1809; x_wconf 88' lang='lat' dir='ltr'>intelligunt,</span> <span class='ocrx_word' id='word_1_142' title='bbox 857 1742 1059 1807; x_wconf 85' lang='lat' dir='ltr'>contempnent,</span> <span class='ocrx_word' id='word_1_143' title='bbox 1072 1741 1189 1808; x_wconf 87' lang='lat' dir='ltr'>presenti</span> <span class='ocrx_word' id='word_1_144' title='bbox 1208 1740 1294 1795; x_wconf 92' lang='lat' dir='ltr'>nichi-</span> 
     </span>
     <span class='ocr_line' id='line_1_16' title="bbox 79 1812 1296 1892; baseline 0.004 -19"><span class='ocrx_word' id='word_1_145' title='bbox 79 1812 193 1874; x_wconf 83' lang='lat' dir='ltr'>lominus</span> <span class='ocrx_word' id='word_1_146' title='bbox 207 1822 380 1877; x_wconf 78' lang='lat' dir='ltr'>ordinacione</span> <span class='ocrx_word' id='word_1_147' title='bbox 398 1822 551 1878; x_wconf 85' lang='lat' dir='ltr'>sanccimus</span> <span class='ocrx_word' id='word_1_148' title='bbox 568 1826 600 1877; x_wconf 89' lang='lat' dir='ltr'>ut</span> <span class='ocrx_word' id='word_1_149' title='bbox 616 1822 772 1892; x_wconf 86' lang='lat' dir='ltr'>quicunque</span> <span class='ocrx_word' id='word_1_150' title='bbox 783 1821 924 1876; x_wconf 89' lang='lat' dir='ltr'>manifeste</span> <span class='ocrx_word' id='word_1_151' title='bbox 935 1821 1020 1877; x_wconf 88' lang='lat' dir='ltr'>fuerit</span> <span class='ocrx_word' id='word_1_152' title='bbox 1036 1822 1158 1889; x_wconf 90' lang='lat' dir='ltr'>qualibet</span> <span class='ocrx_word' id='word_1_153' title='bbox 1174 1822 1296 1878; x_wconf 88' lang='lat' dir='ltr'>heretica</span> 
     </span>
     <span class='ocr_line' id='line_1_17' title="bbox 86 1900 1294 1973; baseline -0.004 -9"><span class='ocrx_word' id='word_1_154' title='bbox 86 1900 209 1964; x_wconf 71' lang='lat' dir='ltr'>moue</span> <span class='ocrx_word' id='word_1_155' title='bbox 217 1904 406 1973; x_wconf 89' lang='lat' dir='ltr'>deprehensus,</span> <span class='ocrx_word' id='word_1_156' title='bbox 420 1904 443 1958; x_wconf 89' lang='lat' dir='ltr'>si</span> <span class='ocrx_word' id='word_1_157' title='bbox 455 1904 571 1960; x_wconf 85' lang='lat' dir='ltr'>clericus</span> <span class='ocrx_word' id='word_1_158' title='bbox 581 1909 623 1960; x_wconf 90' lang='lat' dir='ltr'>est</span> <span class='ocrx_word' id='word_1_159' title='bbox 638 1906 682 1960; x_wconf 91' lang='lat' dir='ltr'>vel</span> <span class='ocrx_word' id='word_1_160' title='bbox 692 1904 838 1973; x_wconf 81' lang='lat' dir='ltr'>cujuslibet</span> <span class='ocrx_word' id='word_1_161' title='bbox 848 1903 991 1973; x_wconf 82' lang='lat' dir='ltr'>religionis</span> <span class='ocrx_word' id='word_1_162' title='bbox 1003 1904 1209 1959; x_wconf 87' lang='lat' dir='ltr'>obumbmtione</span> <span class='ocrx_word' id='word_1_163' title='bbox 1220 1907 1294 1959; x_wconf 83' lang='lat' dir='ltr'>fuca-</span> 
     </span>
     <span class='ocr_line' id='line_1_18' title="bbox 90 1982 1296 2058; baseline 0 -13"><span class='ocrx_word' id='word_1_164' title='bbox 90 1982 143 2045; x_wconf 53' lang='grc' dir='ltr'>ωδ,</span> <span class='ocrx_word' id='word_1_165' title='bbox 160 1986 234 2041; x_wconf 71' lang='lat' dir='ltr'>udus</span> <span class='ocrx_word' id='word_1_166' title='bbox 250 1986 428 2042; x_wconf 88' lang='lat' dir='ltr'>ecclesiastici</span> <span class='ocrx_word' id='word_1_167' title='bbox 448 1987 553 2043; x_wconf 85' lang='lat' dir='ltr'>ordinis</span> <span class='ocrx_word' id='word_1_168' title='bbox 571 1989 745 2058; x_wconf 88' lang='lat' dir='ltr'>prerogativa</span> <span class='ocrx_word' id='word_1_169' title='bbox 763 1988 889 2052; x_wconf 87' lang='lat' dir='ltr'>nudetur,</span> <span class='ocrx_word' id='word_1_170' title='bbox 908 1991 937 2042; x_wconf 89' lang='lat' dir='ltr'>et</span> <span class='ocrx_word' id='word_1_171' title='bbox 953 1990 1027 2043; x_wconf 92' lang='lat' dir='ltr'>omni</span> <span class='ocrx_word' id='word_1_172' title='bbox 1044 1988 1147 2056; x_wconf 89' lang='lat' dir='ltr'>pariter</span> <span class='ocrx_word' id='word_1_173' title='bbox 1162 1989 1252 2044; x_wconf 86' lang='lat' dir='ltr'>officio</span> <span class='ocrx_word' id='word_1_174' title='bbox 1268 1993 1296 2045; x_wconf 91' lang='lat' dir='ltr'>et</span> 
     </span>
     <span class='ocr_line' id='line_1_19' title="bbox 95 2061 1294 2138; baseline 0.005 -17"><span class='ocrx_word' id='word_1_175' title='bbox 95 2061 209 2124; x_wconf 62' lang='lat' dir='ltr'>beamus</span> <span class='ocrx_word' id='word_1_176' title='bbox 218 2069 398 2125; x_wconf 80' lang='lat' dir='ltr'>ecclesiastico</span> <span class='ocrx_word' id='word_1_177' title='bbox 415 2070 546 2138; x_wconf 80' lang='lat' dir='ltr'>spoliabis</span> <span class='ocrx_word' id='word_1_178' title='bbox 562 2070 692 2125; x_wconf 89' lang='lat' dir='ltr'>secularis</span> <span class='ocrx_word' id='word_1_179' title='bbox 703 2069 877 2138; x_wconf 89' lang='lat' dir='ltr'>relinquatur</span> <span class='ocrx_word' id='word_1_180' title='bbox 887 2068 1001 2124; x_wconf 90' lang='lat' dir='ltr'>arbitrio</span> <span class='ocrx_word' id='word_1_181' title='bbox 1013 2068 1160 2137; x_wconf 86' lang='lat' dir='ltr'>potestatis,</span> <span class='ocrx_word' id='word_1_182' title='bbox 1173 2070 1294 2127; x_wconf 87' lang='lat' dir='ltr'>animad-</span> 
     </span>
     <span class='ocr_line' id='line_1_20' title="bbox 99 2147 1295 2221; baseline 0.006 -20"><span class='ocrx_word' id='word_1_183' title='bbox 99 2147 203 2204; x_wconf 77' lang='lat' dir='ltr'>vorsiom</span> <span class='ocrx_word' id='word_1_184' title='bbox 218 2152 305 2207; x_wconf 87' lang='lat' dir='ltr'>debita</span> <span class='ocrx_word' id='word_1_185' title='bbox 325 2151 488 2220; x_wconf 89' lang='lat' dir='ltr'>puniendus,</span> <span class='ocrx_word' id='word_1_186' title='bbox 507 2152 560 2207; x_wconf 88' lang='lat' dir='ltr'>nisi</span> <span class='ocrx_word' id='word_1_187' title='bbox 577 2153 707 2208; x_wconf 91' lang='lat' dir='ltr'>continuo</span> <span class='ocrx_word' id='word_1_188' title='bbox 727 2157 787 2221; x_wconf 90' lang='lat' dir='ltr'>post</span> <span class='ocrx_word' id='word_1_189' title='bbox 802 2150 1042 2221; x_wconf 87' lang='lat' dir='ltr'>deprehensionem</span> <span class='ocrx_word' id='word_1_190' title='bbox 1060 2152 1161 2208; x_wconf 89' lang='lat' dir='ltr'>erroris</span> <span class='ocrx_word' id='word_1_191' title='bbox 1180 2155 1215 2208; x_wconf 88' lang='lat' dir='ltr'>ad</span> <span class='ocrx_word' id='word_1_192' title='bbox 1232 2153 1295 2209; x_wconf 87' lang='lat' dir='ltr'>fidei</span> 
     </span>
     <span class='ocr_line' id='line_1_21' title="bbox 102 2228 1295 2305; baseline 0.003 -20"><span class='ocrx_word' id='word_1_193' title='bbox 102 2228 212 2288; x_wconf 71' lang='lat' dir='ltr'>moola</span> <span class='ocrx_word' id='word_1_194' title='bbox 229 2234 370 2289; x_wconf 85' lang='lat' dir='ltr'>veritatem</span> <span class='ocrx_word' id='word_1_195' title='bbox 391 2239 486 2304; x_wconf 88' lang='lat' dir='ltr'>sponte</span> <span class='ocrx_word' id='word_1_196' title='bbox 506 2253 649 2291; x_wconf 90' lang='lat' dir='ltr'>recurrere</span> <span class='ocrx_word' id='word_1_197' title='bbox 667 2239 696 2289; x_wconf 90' lang='lat' dir='ltr'>et</span> <span class='ocrx_word' id='word_1_198' title='bbox 714 2252 835 2290; x_wconf 91' lang='lat' dir='ltr'>errorem</span> <span class='ocrx_word' id='word_1_199' title='bbox 855 2250 935 2287; x_wconf 90' lang='lat' dir='ltr'>suum</span> <span class='ocrx_word' id='word_1_200' title='bbox 954 2234 989 2287; x_wconf 86' lang='lat' dir='ltr'>ad</span> <span class='ocrx_word' id='word_1_201' title='bbox 1008 2233 1153 2289; x_wconf 88' lang='lat' dir='ltr'>arbitrium</span> <span class='ocrx_word' id='word_1_202' title='bbox 1176 2235 1295 2305; x_wconf 88' lang='lat' dir='ltr'>episcopi</span> 
     </span>
     <span class='ocr_line' id='line_1_22' title="bbox 106 2309 1296 2386; baseline 0.005 -19"><span class='ocrx_word' id='word_1_203' title='bbox 106 2309 201 2377; x_wconf 72' lang='lat' dir='ltr'>mecm</span> <span class='ocrx_word' id='word_1_204' title='bbox 207 2317 308 2382; x_wconf 92' lang='lat' dir='ltr'>publice</span> <span class='ocrx_word' id='word_1_205' title='bbox 317 2317 484 2372; x_wconf 80' lang='lat' dir='ltr'>consenserit</span> <span class='ocrx_word' id='word_1_206' title='bbox 495 2319 623 2386; x_wconf 90' lang='lat' dir='ltr'>abjurare</span> <span class='ocrx_word' id='word_1_207' title='bbox 633 2321 661 2372; x_wconf 89' lang='lat' dir='ltr'>et</span> <span class='ocrx_word' id='word_1_208' title='bbox 672 2315 882 2371; x_wconf 86' lang='lat' dir='ltr'>satisfactionem</span> <span class='ocrx_word' id='word_1_209' title='bbox 892 2332 1042 2383; x_wconf 87' lang='lat' dir='ltr'>congruam</span> <span class='ocrx_word' id='word_1_210' title='bbox 1051 2316 1187 2372; x_wconf 85' lang='lat' dir='ltr'>exhibere.</span> <span class='ocrx_word' id='word_1_211' title='bbox 1197 2317 1296 2373; x_wconf 87' lang='lat' dir='ltr'>Laicus</span> 
     </span>
     <span class='ocr_line' id='line_1_23' title="bbox 107 2394 1294 2479; baseline 0.008 -33"><span class='ocrx_word' id='word_1_212' title='bbox 107 2394 181 2479; x_wconf 70' lang='lat' dir='ltr'>auem</span> <span class='ocrx_word' id='word_1_213' title='bbox 189 2412 254 2462; x_wconf 90' lang='lat' dir='ltr'>quem</span> <span class='ocrx_word' id='word_1_214' title='bbox 265 2397 295 2452; x_wconf 89' lang='lat' dir='ltr'>in</span> <span class='ocrx_word' id='word_1_215' title='bbox 303 2399 397 2466; x_wconf 88' lang='lat' dir='ltr'>aliqua</span> <span class='ocrx_word' id='word_1_216' title='bbox 408 2398 591 2467; x_wconf 84' lang='lat' dir='ltr'>predictarum</span> <span class='ocrx_word' id='word_1_217' title='bbox 604 2399 720 2467; x_wconf 91' lang='lat' dir='ltr'>pestium</span> <span class='ocrx_word' id='word_1_218' title='bbox 732 2397 838 2453; x_wconf 89' lang='lat' dir='ltr'>notoria</span> <span class='ocrx_word' id='word_1_219' title='bbox 849 2398 893 2451; x_wconf 94' lang='lat' dir='ltr'>vel</span> <span class='ocrx_word' id='word_1_220' title='bbox 910 2399 1023 2465; x_wconf 88' lang='lat' dir='ltr'>probata</span> <span class='ocrx_word' id='word_1_221' title='bbox 1035 2400 1115 2466; x_wconf 90' lang='lat' dir='ltr'>culpa</span> <span class='ocrx_word' id='word_1_222' title='bbox 1126 2400 1294 2468; x_wconf 83' lang='lat' dir='ltr'>resperserit,</span> 
     </span>
     <span class='ocr_line' id='line_1_24' title="bbox 109 2471 1296 2548; baseline 0.002 -16"><span class='ocrx_word' id='word_1_223' title='bbox 109 2471 154 2524; x_wconf 66' lang='lat' dir='ltr'>moi</span> <span class='ocrx_word' id='word_1_224' title='bbox 165 2482 227 2540; x_wconf 81' lang='lat' dir='ltr'>prout</span> <span class='ocrx_word' id='word_1_225' title='bbox 240 2480 343 2535; x_wconf 84' lang='lat' dir='ltr'>dictruu</span> <span class='ocrx_word' id='word_1_226' title='bbox 363 2480 489 2548; x_wconf 88' lang='lat' dir='ltr'>abjurata</span> <span class='ocrx_word' id='word_1_227' title='bbox 509 2478 598 2532; x_wconf 90' lang='lat' dir='ltr'>heresi</span> <span class='ocrx_word' id='word_1_228' title='bbox 617 2483 644 2533; x_wconf 91' lang='lat' dir='ltr'>et</span> <span class='ocrx_word' id='word_1_229' title='bbox 664 2477 848 2532; x_wconf 82' lang='lat' dir='ltr'>satisfactione</span> <span class='ocrx_word' id='word_1_230' title='bbox 864 2476 986 2532; x_wconf 85' lang='lat' dir='ltr'>exhibita</span> <span class='ocrx_word' id='word_1_231' title='bbox 1006 2480 1146 2535; x_wconf 83' lang='lat' dir='ltr'>confestim</span> <span class='ocrx_word' id='word_1_232' title='bbox 1163 2480 1199 2534; x_wconf 90' lang='lat' dir='ltr'>ad</span> <span class='ocrx_word' id='word_1_233' title='bbox 1215 2480 1296 2534; x_wconf 88' lang='lat' dir='ltr'>fidem</span> 
     </span>
     <span class='ocr_line' id='line_1_25' title="bbox 111 2556 1296 2630; baseline -0.005 -11"><span class='ocrx_word' id='word_1_234' title='bbox 111 2556 231 2626; x_wconf 69' lang='lat' dir='ltr'>confugerit</span> <span class='ocrx_word' id='word_1_235' title='bbox 239 2564 406 2627; x_wconf 79' lang='lat' dir='ltr'>ortodoxam,</span> <span class='ocrx_word' id='word_1_236' title='bbox 419 2561 549 2617; x_wconf 87' lang='lat' dir='ltr'>secularis</span> <span class='ocrx_word' id='word_1_237' title='bbox 555 2562 659 2630; x_wconf 86' lang='lat' dir='ltr'>jndicis</span> <span class='ocrx_word' id='word_1_238' title='bbox 675 2561 790 2617; x_wconf 83' lang='lat' dir='ltr'>arbitrio</span> <span class='ocrx_word' id='word_1_239' title='bbox 801 2561 982 2630; x_wconf 89' lang='lat' dir='ltr'>relinquatur,</span> <span class='ocrx_word' id='word_1_240' title='bbox 1001 2561 1119 2616; x_wconf 89' lang='lat' dir='ltr'>debitam</span> <span class='ocrx_word' id='word_1_241' title='bbox 1137 2562 1296 2626; x_wconf 88' lang='lat' dir='ltr'>recepturus</span> 
     </span>
     <span class='ocr_line' id='line_1_26' title="bbox 111 2643 557 2706; baseline -0.004 -5"><span class='ocrx_word' id='word_1_242' title='bbox 111 2649 152 2701; x_wconf 77' lang='lat'>1³¹0</span> <span class='ocrx_word' id='word_1_243' title='bbox 159 2643 262 2706; x_wconf 71' lang='lat' dir='ltr'>amiate</span> <span class='ocrx_word' id='word_1_244' title='bbox 274 2644 406 2699; x_wconf 86' lang='lat' dir='ltr'>facinoris</span> <span class='ocrx_word' id='word_1_245' title='bbox 416 2644 557 2699; x_wconf 90' lang='lat' dir='ltr'>ultionem.</span> 
     </span>
    </p>

    <p class='ocr_par' dir='ltr' id='par_1_3' title="bbox 99 2717 1296 3359">
     <span class='ocr_line' id='line_1_27' title="bbox 140 2717 1295 2794; baseline -0.004 -14"><span class='ocrx_word' id='word_1_246' title='bbox 140 2717 177 2780; x_wconf 76' lang='lat' dir='ltr'>Qui</span> <span class='ocrx_word' id='word_1_247' title='bbox 188 2741 240 2781; x_wconf 75' lang='lat' dir='ltr'>vero</span> <span class='ocrx_word' id='word_1_248' title='bbox 256 2727 363 2784; x_wconf 85' lang='lat' dir='ltr'>inventi</span> <span class='ocrx_word' id='word_1_249' title='bbox 377 2727 481 2781; x_wconf 89' lang='lat' dir='ltr'>fuerint</span> <span class='ocrx_word' id='word_1_250' title='bbox 499 2726 557 2780; x_wconf 88' lang='lat' dir='ltr'>sola</span> <span class='ocrx_word' id='word_1_251' title='bbox 575 2727 688 2780; x_wconf 82' lang='lat' dir='ltr'>ecclesie</span> <span class='ocrx_word' id='word_1_252' title='bbox 703 2726 856 2794; x_wconf 88' lang='lat' dir='ltr'>suspicione</span> <span class='ocrx_word' id='word_1_253' title='bbox 872 2725 1013 2789; x_wconf 84' lang='lat' dir='ltr'>notabiles,</span> <span class='ocrx_word' id='word_1_254' title='bbox 1026 2724 1078 2779; x_wconf 89' lang='lat' dir='ltr'>nisi</span> <span class='ocrx_word' id='word_1_255' title='bbox 1095 2723 1130 2778; x_wconf 92' lang='lat' dir='ltr'>ad</span> <span class='ocrx_word' id='word_1_256' title='bbox 1150 2720 1295 2777; x_wconf 88' lang='lat' dir='ltr'>arbitrium</span> 
     </span>
     <span class='ocr_line' id='line_1_28' title="bbox 112 2798 1295 2886; baseline -0.002 -26"><span class='ocrx_word' id='word_1_257' title='bbox 112 2798 200 2886; x_wconf 57' lang='lat' dir='ltr'>opiaopi</span> <span class='ocrx_word' id='word_1_258' title='bbox 218 2810 294 2878; x_wconf 85' lang='lat' dir='ltr'>juxta</span> <span class='ocrx_word' id='word_1_259' title='bbox 320 2808 564 2864; x_wconf 89' lang='lat' dir='ltr'>considerationem</span> <span class='ocrx_word' id='word_1_260' title='bbox 592 2808 753 2876; x_wconf 88' lang='lat' dir='ltr'>suspicionis</span> <span class='ocrx_word' id='word_1_261' title='bbox 781 2808 993 2876; x_wconf 87' lang='lat' dir='ltr'>qualitatemque</span> <span class='ocrx_word' id='word_1_262' title='bbox 1018 2824 1130 2875; x_wconf 90' lang='lat' dir='ltr'>persone</span> <span class='ocrx_word' id='word_1_263' title='bbox 1157 2804 1295 2874; x_wconf 89' lang='lat' dir='ltr'>propriam</span> 
     </span>
     <span class='ocr_line' id='line_1_29' title="bbox 111 2888 1293 2959; baseline -0.002 -17"><span class='ocrx_word' id='word_1_264' title='bbox 111 2889 255 2945; x_wconf 72' lang='lat' dir='ltr'>lflssooeotiam</span> <span class='ocrx_word' id='word_1_265' title='bbox 275 2907 401 2959; x_wconf 88' lang='lat' dir='ltr'>congrua</span> <span class='ocrx_word' id='word_1_266' title='bbox 423 2890 585 2959; x_wconf 85' lang='lat' dir='ltr'>purgatione</span> <span class='ocrx_word' id='word_1_267' title='bbox 607 2891 825 2953; x_wconf 83' lang='lat' dir='ltr'>monstraverint,</span> <span class='ocrx_word' id='word_1_268' title='bbox 849 2888 931 2942; x_wconf 89' lang='lat' dir='ltr'>simili</span> <span class='ocrx_word' id='word_1_269' title='bbox 954 2888 1085 2942; x_wconf 90' lang='lat' dir='ltr'>sententie</span> <span class='ocrx_word' id='word_1_270' title='bbox 1106 2888 1293 2957; x_wconf 88' lang='lat' dir='ltr'>subjacebunt.</span> 
     </span>
     <span class='ocr_line' id='line_1_30' title="bbox 111 2959 1296 3041; baseline -0.006 -14"><span class='ocrx_word' id='word_1_271' title='bbox 111 2959 239 3026; x_wconf 63' lang='lat' dir='ltr'>moenam</span> <span class='ocrx_word' id='word_1_272' title='bbox 249 2975 297 3041; x_wconf 91' lang='lat' dir='ltr'>qui</span> <span class='ocrx_word' id='word_1_273' title='bbox 315 2976 376 3040; x_wconf 90' lang='lat' dir='ltr'>post</span> <span class='ocrx_word' id='word_1_274' title='bbox 392 2972 591 3041; x_wconf 89' lang='lat' dir='ltr'>abjurationem</span> <span class='ocrx_word' id='word_1_275' title='bbox 607 2972 709 3026; x_wconf 88' lang='lat' dir='ltr'>erroris</span> <span class='ocrx_word' id='word_1_276' title='bbox 720 2972 762 3025; x_wconf 90' lang='lat' dir='ltr'>vel</span> <span class='ocrx_word' id='word_1_277' title='bbox 780 2975 921 3039; x_wconf 88' lang='lat' dir='ltr'>postquam</span> <span class='ocrx_word' id='word_1_278' title='bbox 933 2989 970 3033; x_wconf 91' lang='lat' dir='ltr'>se,</span> <span class='ocrx_word' id='word_1_279' title='bbox 980 2975 1012 3024; x_wconf 87' lang='lat' dir='ltr'>ut</span> <span class='ocrx_word' id='word_1_280' title='bbox 1028 2970 1154 3033; x_wconf 83' lang='lat' dir='ltr'>diximus,</span> <span class='ocrx_word' id='word_1_281' title='bbox 1167 2967 1296 3023; x_wconf 91' lang='lat' dir='ltr'>antistitis</span> 
     </span>
     <span class='ocr_line' id='line_1_31' title="bbox 110 3047 1293 3124; baseline -0.003 -15"><span class='ocrx_word' id='word_1_282' title='bbox 110 3047 272 3111; x_wconf 65' lang='lat' dir='ltr'>emenone</span> <span class='ocrx_word' id='word_1_283' title='bbox 292 3055 484 3124; x_wconf 83' lang='lat' dir='ltr'>purgaverint,</span> <span class='ocrx_word' id='word_1_284' title='bbox 506 3056 665 3124; x_wconf 90' lang='lat' dir='ltr'>deprehensi</span> <span class='ocrx_word' id='word_1_285' title='bbox 683 3055 785 3109; x_wconf 89' lang='lat' dir='ltr'>fuerint</span> <span class='ocrx_word' id='word_1_286' title='bbox 802 3055 831 3108; x_wconf 93' lang='lat' dir='ltr'>in</span> <span class='ocrx_word' id='word_1_287' title='bbox 848 3057 1001 3124; x_wconf 88' lang='lat' dir='ltr'>abjuratam</span> <span class='ocrx_word' id='word_1_288' title='bbox 1021 3054 1137 3108; x_wconf 90' lang='lat' dir='ltr'>heresim</span> <span class='ocrx_word' id='word_1_289' title='bbox 1157 3053 1293 3116; x_wconf 89' lang='lat' dir='ltr'>recidisse,</span> 
     </span>
     <span class='ocr_line' id='line_1_32' title="bbox 107 3129 1295 3206; baseline -0.002 -19"><span class='ocrx_word' id='word_1_290' title='bbox 107 3129 303 3206; x_wconf 61' lang='lat' dir='ltr'>wuhnjudicio</span> <span class='ocrx_word' id='word_1_291' title='bbox 320 3137 380 3192; x_wconf 90' lang='lat' dir='ltr'>sine</span> <span class='ocrx_word' id='word_1_292' title='bbox 391 3138 448 3190; x_wconf 91' lang='lat' dir='ltr'>ulla</span> <span class='ocrx_word' id='word_1_293' title='bbox 464 3138 572 3205; x_wconf 84' lang='lat' dir='ltr'>penitus</span> <span class='ocrx_word' id='word_1_294' title='bbox 583 3137 721 3191; x_wconf 89' lang='lat' dir='ltr'>audientia</span> <span class='ocrx_word' id='word_1_295' title='bbox 737 3136 907 3190; x_wconf 87' lang='lat' dir='ltr'>decernimus</span> <span class='ocrx_word' id='word_1_296' title='bbox 918 3136 1117 3202; x_wconf 91' lang='lat' dir='ltr'>relinquendos,</span> <span class='ocrx_word' id='word_1_297' title='bbox 1130 3134 1207 3187; x_wconf 91' lang='lat' dir='ltr'>bonis</span> <span class='ocrx_word' id='word_1_298' title='bbox 1223 3134 1295 3186; x_wconf 93' lang='lat' dir='ltr'>dam·</span> 
     </span>
     <span class='ocr_line' id='line_1_33' title="bbox 106 3212 1295 3353; baseline -0.002 -80"><span class='ocrx_word' id='word_1_299' title='bbox 106 3212 205 3353; x_wconf 60' lang='lat' dir='ltr'>Miffir</span> <span class='ocrx_word' id='word_1_300' title='bbox 215 3219 376 3275; x_wconf 87' lang='lat' dir='ltr'>elericorum</span> <span class='ocrx_word' id='word_1_301' title='bbox 387 3219 508 3274; x_wconf 90' lang='lat' dir='ltr'>ecclesiis</span> <span class='ocrx_word' id='word_1_302' title='bbox 520 3218 618 3286; x_wconf 92' lang='lat' dir='ltr'>quibus</span> <span class='ocrx_word' id='word_1_303' title='bbox 629 3219 816 3274; x_wconf 65' lang='lat' dir='ltr'>deserviebant</span> <span class='ocrx_word' id='word_1_304' title='bbox 827 3220 974 3273; x_wconf 89' lang='lat' dir='ltr'>secundum</span> <span class='ocrx_word' id='word_1_305' title='bbox 982 3217 1138 3272; x_wconf 90' lang='lat' dir='ltr'>sancciones</span> <span class='ocrx_word' id='word_1_306' title='bbox 1148 3215 1295 3284; x_wconf 84' lang='lat' dir='ltr'>legittimas</span> 
     </span>
     <span class='ocr_line' id='line_1_34' title="bbox 99 3293 248 3359; baseline -0.027 0"><span class='ocrx_word' id='word_1_307' title='bbox 99 3293 162 3359; x_wconf 67' lang='lat' dir='ltr'>tnr&#39;</span> <span class='ocrx_word' id='word_1_308' title='bbox 203 3301 248 3356; x_wconf 74' lang='lat' dir='ltr'>dis.</span> 
     </span>
    </p>

    <p class='ocr_par' dir='ltr' id='par_1_4' title="bbox 91 3375 1295 3619">
     <span class='ocr_line' id='line_1_35' title="bbox 133 3375 1295 3453; baseline -0.005 -12"><span class='ocrx_word' id='word_1_309' title='bbox 133 3375 187 3434; x_wconf 64' lang='lat' dir='ltr'>stne</span> <span class='ocrx_word' id='word_1_310' title='bbox 199 3385 342 3452; x_wconf 82' lang='lat' dir='ltr'>predictam</span> <span class='ocrx_word' id='word_1_311' title='bbox 359 3384 647 3439; x_wconf 85' lang='lat' dir='ltr'>excommunicationis</span> <span class='ocrx_word' id='word_1_312' title='bbox 662 3385 831 3449; x_wconf 89' lang='lat' dir='ltr'>sententiam,</span> <span class='ocrx_word' id='word_1_313' title='bbox 850 3386 894 3439; x_wconf 89' lang='lat' dir='ltr'>cui</span> <span class='ocrx_word' id='word_1_314' title='bbox 912 3403 1002 3439; x_wconf 85' lang='lat' dir='ltr'>omnes</span> <span class='ocrx_word' id='word_1_315' title='bbox 1019 3383 1182 3453; x_wconf 87' lang='lat' dir='ltr'>precipimus</span> <span class='ocrx_word' id='word_1_316' title='bbox 1198 3382 1295 3436; x_wconf 89' lang='lat' dir='ltr'>hereti·</span> 
     </span>
     <span class='ocr_line' id='line_1_36' title="bbox 95 3465 1295 3538; baseline 0 -19"><span class='ocrx_word' id='word_1_317' title='bbox 95 3477 139 3517; x_wconf 73' lang='lat' dir='ltr'>coo</span> <span class='ocrx_word' id='word_1_318' title='bbox 152 3465 283 3535; x_wconf 77' lang='lat' dir='ltr'>subjacere,</span> <span class='ocrx_word' id='word_1_319' title='bbox 305 3470 341 3522; x_wconf 94' lang='lat' dir='ltr'>ab</span> <span class='ocrx_word' id='word_1_320' title='bbox 361 3468 486 3522; x_wconf 90' lang='lat' dir='ltr'>omnibus</span> <span class='ocrx_word' id='word_1_321' title='bbox 503 3469 712 3538; x_wconf 85' lang='lat' dir='ltr'>archiepiscopis</span> <span class='ocrx_word' id='word_1_322' title='bbox 729 3472 757 3523; x_wconf 87' lang='lat' dir='ltr'>ct</span> <span class='ocrx_word' id='word_1_323' title='bbox 774 3469 905 3536; x_wconf 88' lang='lat' dir='ltr'>episcopis</span> <span class='ocrx_word' id='word_1_324' title='bbox 922 3469 951 3521; x_wconf 93' lang='lat' dir='ltr'>iu</span> <span class='ocrx_word' id='word_1_325' title='bbox 967 3469 1093 3536; x_wconf 91' lang='lat' dir='ltr'>precipiis</span> <span class='ocrx_word' id='word_1_326' title='bbox 1104 3466 1295 3521; x_wconf 87' lang='lat' dir='ltr'>festivitatibus</span> 
     </span>
     <span class='ocr_line' id='line_1_37' title="bbox 91 3546 1293 3619; baseline 0.002 -19"><span class='ocrx_word' id='word_1_327' title='bbox 91 3546 122 3601; x_wconf 80' lang='lat' dir='ltr'>et</span> <span class='ocrx_word' id='word_1_328' title='bbox 135 3548 242 3612; x_wconf 83' lang='lat' dir='ltr'>quotiens</span> <span class='ocrx_word' id='word_1_329' title='bbox 259 3551 422 3619; x_wconf 88' lang='lat' dir='ltr'>sollempnes</span> <span class='ocrx_word' id='word_1_330' title='bbox 436 3551 582 3607; x_wconf 89' lang='lat' dir='ltr'>habuerint</span> <span class='ocrx_word' id='word_1_331' title='bbox 599 3552 720 3619; x_wconf 89' lang='lat' dir='ltr'>qualibet</span> <span class='ocrx_word' id='word_1_332' title='bbox 739 3551 880 3606; x_wconf 88' lang='lat' dir='ltr'>occasione</span> <span class='ocrx_word' id='word_1_333' title='bbox 897 3555 1052 3614; x_wconf 86' lang='lat' dir='ltr'>conventus,</span> <span class='ocrx_word' id='word_1_334' title='bbox 1065 3551 1098 3603; x_wconf 90' lang='lat' dir='ltr'>ad</span> <span class='ocrx_word' id='word_1_335' title='bbox 1116 3549 1232 3618; x_wconf 89' lang='lat' dir='ltr'>gloriam</span> <span class='ocrx_word' id='word_1_336' title='bbox 1245 3549 1293 3603; x_wconf 89' lang='lat' dir='ltr'>Dei</span> 
     </span>
    </p>

    <p class='ocr_par' dir='ltr' id='par_1_5' title="bbox 51 3632 1295 4529">
     <span class='ocr_line' id='line_1_38' title="bbox 89 3632 1295 3702; baseline 0.001 -16"><span class='ocrx_word' id='word_1_337' title='bbox 89 3633 119 3686; x_wconf 80' lang='lat' dir='ltr'>et</span> <span class='ocrx_word' id='word_1_338' title='bbox 132 3632 313 3696; x_wconf 82' lang='lat' dir='ltr'>mpressionem</span> <span class='ocrx_word' id='word_1_339' title='bbox 333 3633 453 3689; x_wconf 89' lang='lat' dir='ltr'>heretice</span> <span class='ocrx_word' id='word_1_340' title='bbox 469 3635 611 3702; x_wconf 88' lang='lat' dir='ltr'>pravitatis</span> <span class='ocrx_word' id='word_1_341' title='bbox 627 3635 797 3692; x_wconf 88' lang='lat' dir='ltr'>decernimus</span> <span class='ocrx_word' id='word_1_342' title='bbox 814 3633 949 3697; x_wconf 87' lang='lat' dir='ltr'>innovari,</span> <span class='ocrx_word' id='word_1_343' title='bbox 971 3635 1131 3688; x_wconf 88' lang='lat' dir='ltr'>auctoritate</span> <span class='ocrx_word' id='word_1_344' title='bbox 1147 3633 1295 3701; x_wconf 88' lang='lat' dir='ltr'>apostolica</span> 
     </span>
     <span class='ocr_line' id='line_1_39' title="bbox 84 3707 1295 3787; baseline -0.002 -17"><span class='ocrx_word' id='word_1_345' title='bbox 84 3717 222 3770; x_wconf 79' lang='lat' dir='ltr'>statuentes</span> <span class='ocrx_word' id='word_1_346' title='bbox 232 3719 263 3771; x_wconf 86' lang='lat' dir='ltr'>ut</span> <span class='ocrx_word' id='word_1_347' title='bbox 273 3717 297 3769; x_wconf 90' lang='lat' dir='ltr'>si</span> <span class='ocrx_word' id='word_1_348' title='bbox 309 3715 371 3783; x_wconf 93' lang='lat' dir='ltr'>quis</span> <span class='ocrx_word' id='word_1_349' title='bbox 382 3717 416 3771; x_wconf 92' lang='lat' dir='ltr'>de</span> <span class='ocrx_word' id='word_1_350' title='bbox 427 3718 522 3772; x_wconf 90' lang='lat' dir='ltr'>ordine</span> <span class='ocrx_word' id='word_1_351' title='bbox 532 3717 719 3786; x_wconf 88' lang='lat' dir='ltr'>episcoporum</span> <span class='ocrx_word' id='word_1_352' title='bbox 731 3719 892 3787; x_wconf 88' lang='lat' dir='ltr'>neggligens</span> <span class='ocrx_word' id='word_1_353' title='bbox 907 3717 936 3770; x_wconf 92' lang='lat' dir='ltr'>in</span> <span class='ocrx_word' id='word_1_354' title='bbox 947 3717 990 3770; x_wconf 88' lang='lat' dir='ltr'>his</span> <span class='ocrx_word' id='word_1_355' title='bbox 1001 3717 1083 3771; x_wconf 88' lang='lat' dir='ltr'>fuerit</span> <span class='ocrx_word' id='word_1_356' title='bbox 1093 3718 1136 3771; x_wconf 90' lang='lat' dir='ltr'>vel</span> <span class='ocrx_word' id='word_1_357' title='bbox 1146 3707 1295 3771; x_wconf 85' lang='lat' dir='ltr'>desidiosus</span> 
     </span>
     <span class='ocr_line' id='line_1_40' title="bbox 81 3797 1294 3867; baseline -0.002 -13"><span class='ocrx_word' id='word_1_358' title='bbox 81 3799 212 3860; x_wconf 76' lang='lat' dir='ltr'>inventus,</span> <span class='ocrx_word' id='word_1_359' title='bbox 232 3813 280 3865; x_wconf 91' lang='lat' dir='ltr'>per</span> <span class='ocrx_word' id='word_1_360' title='bbox 297 3799 432 3853; x_wconf 89' lang='lat' dir='ltr'>triennale</span> <span class='ocrx_word' id='word_1_361' title='bbox 451 3798 573 3866; x_wconf 89' lang='lat' dir='ltr'>spacium</span> <span class='ocrx_word' id='word_1_362' title='bbox 592 3801 626 3854; x_wconf 90' lang='lat' dir='ltr'>ab</span> <span class='ocrx_word' id='word_1_363' title='bbox 646 3799 792 3867; x_wconf 88' lang='lat' dir='ltr'>episcopali</span> <span class='ocrx_word' id='word_1_364' title='bbox 812 3799 946 3852; x_wconf 90' lang='lat' dir='ltr'>habeatur</span> <span class='ocrx_word' id='word_1_365' title='bbox 965 3797 1097 3866; x_wconf 83' lang='lat' dir='ltr'>digmtate</span> <span class='ocrx_word' id='word_1_366' title='bbox 1113 3802 1140 3852; x_wconf 89' lang='lat' dir='ltr'>et</span> <span class='ocrx_word' id='word_1_367' title='bbox 1159 3797 1294 3851; x_wconf 90' lang='lat' dir='ltr'>amminis-</span> 
     </span>
     <span class='ocr_line' id='line_1_41' title="bbox 77 3880 1294 3950; baseline -0.004 -11"><span class='ocrx_word' id='word_1_368' title='bbox 77 3881 195 3939; x_wconf 76' lang='lat' dir='ltr'>tratione</span> <span class='ocrx_word' id='word_1_369' title='bbox 210 3898 371 3949; x_wconf 81' lang='lat' dir='ltr'>suspensus3</span> <span class='ocrx_word' id='word_1_370' title='bbox 392 3881 539 3935; x_wconf 88' lang='lat' dir='ltr'>adicientes</span> <span class='ocrx_word' id='word_1_371' title='bbox 551 3899 658 3950; x_wconf 90' lang='lat' dir='ltr'>quoque</span> <span class='ocrx_word' id='word_1_372' title='bbox 668 3882 839 3936; x_wconf 91' lang='lat' dir='ltr'>decernimus</span> <span class='ocrx_word' id='word_1_373' title='bbox 850 3886 881 3936; x_wconf 89' lang='lat' dir='ltr'>ut</span> <span class='ocrx_word' id='word_1_374' title='bbox 893 3880 1007 3948; x_wconf 87' lang='lat' dir='ltr'>quilibet</span> <span class='ocrx_word' id='word_1_375' title='bbox 1018 3880 1234 3948; x_wconf 88' lang='lat' dir='ltr'>archiepiscopus</span> <span class='ocrx_word' id='word_1_376' title='bbox 1251 3881 1294 3934; x_wconf 90' lang='lat' dir='ltr'>vel</span> 
     </span>
     <span class='ocr_line' id='line_1_42' title="bbox 71 3954 1295 4036; baseline -0.003 -16"><span class='ocrx_word' id='word_1_377' title='bbox 71 3954 217 4036; x_wconf 81' lang='lat' dir='ltr'>episcopus</span> <span class='ocrx_word' id='word_1_378' title='bbox 232 3980 281 4030; x_wconf 89' lang='lat' dir='ltr'>per</span> <span class='ocrx_word' id='word_1_379' title='bbox 297 3962 520 4017; x_wconf 88' lang='lat' dir='ltr'>archidiaconum</span> <span class='ocrx_word' id='word_1_380' title='bbox 532 3980 611 4016; x_wconf 90' lang='lat' dir='ltr'>suum</span> <span class='ocrx_word' id='word_1_381' title='bbox 628 3968 676 4017; x_wconf 88' lang='lat' dir='ltr'>aut</span> <span class='ocrx_word' id='word_1_382' title='bbox 692 3981 741 4031; x_wconf 87' lang='lat' dir='ltr'>per</span> <span class='ocrx_word' id='word_1_383' title='bbox 757 3963 825 4017; x_wconf 88' lang='lat' dir='ltr'>alias</span> <span class='ocrx_word' id='word_1_384' title='bbox 842 3963 968 4016; x_wconf 89' lang='lat' dir='ltr'>honestas</span> <span class='ocrx_word' id='word_1_385' title='bbox 990 3962 1151 4029; x_wconf 83' lang='lat' dir='ltr'>idoneosque</span> <span class='ocrx_word' id='word_1_386' title='bbox 1168 3980 1295 4030; x_wconf 84' lang='lat' dir='ltr'>personas</span> 
     </span>
     <span class='ocr_line' id='line_1_43' title="bbox 68 4045 1293 4114; baseline -0.001 -15"><span class='ocrx_word' id='word_1_387' title='bbox 68 4053 112 4108; x_wconf 74' lang='lat' dir='ltr'>bis</span> <span class='ocrx_word' id='word_1_388' title='bbox 132 4046 177 4100; x_wconf 88' lang='lat' dir='ltr'>vel</span> <span class='ocrx_word' id='word_1_389' title='bbox 192 4047 273 4101; x_wconf 90' lang='lat' dir='ltr'>semel</span> <span class='ocrx_word' id='word_1_390' title='bbox 291 4047 321 4101; x_wconf 93' lang='lat' dir='ltr'>in</span> <span class='ocrx_word' id='word_1_391' title='bbox 336 4064 407 4102; x_wconf 91' lang='lat' dir='ltr'>anno</span> <span class='ocrx_word' id='word_1_392' title='bbox 425 4047 564 4114; x_wconf 89' lang='lat' dir='ltr'>propriam</span> <span class='ocrx_word' id='word_1_393' title='bbox 576 4047 756 4114; x_wconf 89' lang='lat' dir='ltr'>parrochiam,</span> <span class='ocrx_word' id='word_1_394' title='bbox 770 4048 800 4101; x_wconf 91' lang='lat' dir='ltr'>in</span> <span class='ocrx_word' id='word_1_395' title='bbox 812 4065 866 4114; x_wconf 92' lang='lat' dir='ltr'>qua</span> <span class='ocrx_word' id='word_1_396' title='bbox 882 4048 956 4099; x_wconf 90' lang='lat' dir='ltr'>fama</span> <span class='ocrx_word' id='word_1_397' title='bbox 972 4045 1054 4099; x_wconf 85' lang='lat' dir='ltr'>fuerit</span> <span class='ocrx_word' id='word_1_398' title='bbox 1070 4045 1202 4099; x_wconf 87' lang='lat' dir='ltr'>hereticos</span> <span class='ocrx_word' id='word_1_399' title='bbox 1218 4046 1293 4100; x_wconf 88' lang='lat' dir='ltr'>habi·</span> 
     </span>
     <span class='ocr_line' id='line_1_44' title="bbox 64 4129 1295 4196; baseline -0.001 -11"><span class='ocrx_word' id='word_1_400' title='bbox 64 4143 141 4196; x_wconf 74' lang='lat' dir='ltr'>tare,</span> <span class='ocrx_word' id='word_1_401' title='bbox 160 4130 289 4194; x_wconf 89' lang='lat' dir='ltr'>circueat,</span> <span class='ocrx_word' id='word_1_402' title='bbox 302 4133 330 4184; x_wconf 87' lang='lat' dir='ltr'>et</span> <span class='ocrx_word' id='word_1_403' title='bbox 346 4130 383 4184; x_wconf 91' lang='lat' dir='ltr'>ibi</span> <span class='ocrx_word' id='word_1_404' title='bbox 399 4135 454 4184; x_wconf 81' lang='lat' dir='ltr'>tres</span> <span class='ocrx_word' id='word_1_405' title='bbox 471 4130 514 4183; x_wconf 92' lang='lat' dir='ltr'>vel</span> <span class='ocrx_word' id='word_1_406' title='bbox 530 4130 620 4196; x_wconf 90' lang='lat' dir='ltr'>plures</span> <span class='ocrx_word' id='word_1_407' title='bbox 635 4130 698 4184; x_wconf 88' lang='lat' dir='ltr'>boni</span> <span class='ocrx_word' id='word_1_408' title='bbox 711 4130 859 4185; x_wconf 89' lang='lat' dir='ltr'>testimonii</span> <span class='ocrx_word' id='word_1_409' title='bbox 875 4129 950 4183; x_wconf 88' lang='lat' dir='ltr'>viros</span> <span class='ocrx_word' id='word_1_410' title='bbox 967 4131 1010 4183; x_wconf 91' lang='lat' dir='ltr'>vel</span> <span class='ocrx_word' id='word_1_411' title='bbox 1027 4129 1152 4192; x_wconf 74' lang='lat' dir='ltr'>etiamsi</span> <span class='ocrx_word' id='word_1_412' title='bbox 1169 4130 1295 4196; x_wconf 80' lang='lat' dir='ltr'>expedire</span> 
     </span>
     <span class='ocr_line' id='line_1_45' title="bbox 61 4212 1294 4281; baseline -0.005 -8"><span class='ocrx_word' id='word_1_413' title='bbox 61 4215 220 4278; x_wconf 77' lang='lat' dir='ltr'>videbitur,</span> <span class='ocrx_word' id='word_1_414' title='bbox 246 4218 330 4268; x_wconf 89' lang='lat' dir='ltr'>totam</span> <span class='ocrx_word' id='word_1_415' title='bbox 358 4213 488 4268; x_wconf 90' lang='lat' dir='ltr'>viciniam</span> <span class='ocrx_word' id='word_1_416' title='bbox 508 4216 605 4281; x_wconf 77' lang='lat' dir='ltr'>Jurare</span> <span class='ocrx_word' id='word_1_417' title='bbox 629 4215 781 4280; x_wconf 89' lang='lat' dir='ltr'>compellat,</span> <span class='ocrx_word' id='word_1_418' title='bbox 806 4213 878 4280; x_wconf 86' lang='lat' dir='ltr'>quod</span> <span class='ocrx_word' id='word_1_419' title='bbox 900 4213 923 4265; x_wconf 92' lang='lat' dir='ltr'>si</span> <span class='ocrx_word' id='word_1_420' title='bbox 949 4232 1016 4281; x_wconf 89' lang='lat' dir='ltr'>quos</span> <span class='ocrx_word' id='word_1_421' title='bbox 1037 4212 1169 4265; x_wconf 88' lang='lat' dir='ltr'>hereticos</span> <span class='ocrx_word' id='word_1_422' title='bbox 1194 4213 1294 4267; x_wconf 89' lang='lat' dir='ltr'>ibidem</span> 
     </span>
     <span class='ocr_line' id='line_1_46' title="bbox 59 4293 1293 4363; baseline -0.009 -4"><span class='ocrx_word' id='word_1_423' title='bbox 59 4298 176 4359; x_wconf 86' lang='lat' dir='ltr'>fuerint</span> <span class='ocrx_word' id='word_1_424' title='bbox 192 4297 236 4349; x_wconf 86' lang='lat' dir='ltr'>vel</span> <span class='ocrx_word' id='word_1_425' title='bbox 251 4296 358 4363; x_wconf 88' lang='lat' dir='ltr'>aliquos</span> <span class='ocrx_word' id='word_1_426' title='bbox 375 4297 481 4350; x_wconf 90' lang='lat' dir='ltr'>occulta</span> <span class='ocrx_word' id='word_1_427' title='bbox 498 4297 685 4350; x_wconf 89' lang='lat' dir='ltr'>conventicula</span> <span class='ocrx_word' id='word_1_428' title='bbox 703 4296 869 4351; x_wconf 83' lang='lat' dir='ltr'>celebrantes</span> <span class='ocrx_word' id='word_1_429' title='bbox 886 4313 932 4350; x_wconf 89' lang='lat' dir='ltr'>seu</span> <span class='ocrx_word' id='word_1_430' title='bbox 950 4313 967 4349; x_wconf 88' lang='lat' dir='ltr'>a</span> <span class='ocrx_word' id='word_1_431' title='bbox 984 4293 1167 4349; x_wconf 92' lang='lat' dir='ltr'>communium</span> <span class='ocrx_word' id='word_1_432' title='bbox 1184 4313 1293 4349; x_wconf 90' lang='lat' dir='ltr'>conver·</span> 
     </span>
     <span class='ocr_line' id='line_1_47' title="bbox 54 4378 1294 4446; baseline -0.003 -10"><span class='ocrx_word' id='word_1_433' title='bbox 54 4385 175 4443; x_wconf 72' lang='lat' dir='ltr'>satione</span> <span class='ocrx_word' id='word_1_434' title='bbox 199 4379 319 4433; x_wconf 85' lang='lat' dir='ltr'>fidelium</span> <span class='ocrx_word' id='word_1_435' title='bbox 342 4378 399 4432; x_wconf 86' lang='lat' dir='ltr'>vita</span> <span class='ocrx_word' id='word_1_436' title='bbox 421 4384 448 4434; x_wconf 90' lang='lat' dir='ltr'>et</span> <span class='ocrx_word' id='word_1_437' title='bbox 475 4380 596 4433; x_wconf 91' lang='lat' dir='ltr'>moribus</span> <span class='ocrx_word' id='word_1_438' title='bbox 622 4378 793 4441; x_wconf 89' lang='lat' dir='ltr'>dissidentes,</span> <span class='ocrx_word' id='word_1_439' title='bbox 821 4396 866 4433; x_wconf 90' lang='lat' dir='ltr'>ees</span> <span class='ocrx_word' id='word_1_440' title='bbox 889 4380 1013 4446; x_wconf 91' lang='lat' dir='ltr'>episcopo</span> <span class='ocrx_word' id='word_1_441' title='bbox 1037 4378 1079 4431; x_wconf 84' lang='lat' dir='ltr'>vel</span> <span class='ocrx_word' id='word_1_442' title='bbox 1102 4378 1294 4432; x_wconf 88' lang='lat' dir='ltr'>archidiacono</span> 
     </span>
     <span class='ocr_line' id='line_1_48' title="bbox 51 4460 1293 4529; baseline -0.006 -7"><span class='ocrx_word' id='word_1_443' title='bbox 51 4467 197 4528; x_wconf 73' lang='lat' dir='ltr'>studeant</span> <span class='ocrx_word' id='word_1_444' title='bbox 218 4461 352 4516; x_wconf 86' lang='lat' dir='ltr'>indicare.</span> <span class='ocrx_word' id='word_1_445' title='bbox 377 4462 525 4529; x_wconf 85' lang='lat' dir='ltr'>Episcopus</span> <span class='ocrx_word' id='word_1_446' title='bbox 551 4465 641 4515; x_wconf 86' lang='lat' dir='ltr'>autem</span> <span class='ocrx_word' id='word_1_447' title='bbox 663 4462 706 4513; x_wconf 87' lang='lat' dir='ltr'>vel</span> <span class='ocrx_word' id='word_1_448' title='bbox 733 4460 942 4516; x_wconf 89' lang='lat' dir='ltr'>archidiaconus</span> <span class='ocrx_word' id='word_1_449' title='bbox 968 4462 1002 4514; x_wconf 86' lang='lat' dir='ltr'>ed</span> <span class='ocrx_word' id='word_1_450' title='bbox 1029 4460 1191 4527; x_wconf 88' lang='lat' dir='ltr'>presentiam</span> <span class='ocrx_word' id='word_1_451' title='bbox 1216 4478 1293 4515; x_wconf 69' lang='lat' dir='ltr'>stram</span> 
     </span>
    </p>
   </div>
   <div class='ocr_carea' id='block_1_3' title="bbox 50 4543 1294 4621">
    <p class='ocr_par' dir='ltr' id='par_1_6' title="bbox 50 4543 1294 4621">
     <span class='ocr_line' id='line_1_49' title="bbox 50 4543 1294 4621; baseline -0.007 -14"><span class='ocrx_word' id='word_1_452' title='bbox 50 4551 202 4615; x_wconf 70' lang='lat' dir='ltr'>convocet</span> <span class='ocrx_word' id='word_1_453' title='bbox 216 4547 425 4621; x_wconf 62' lang='lat' dir='ltr'>aecumaecui</span> <span class='ocrx_word' id='word_1_454' title='bbox 442 4546 495 4603; x_wconf 86' lang='lat' dir='ltr'>nisi</span> <span class='ocrx_word' id='word_1_455' title='bbox 512 4563 540 4603; x_wconf 84' lang='lat' dir='ltr'>se</span> <span class='ocrx_word' id='word_1_456' title='bbox 557 4546 592 4603; x_wconf 87' lang='lat' dir='ltr'>ad</span> <span class='ocrx_word' id='word_1_457' title='bbox 608 4544 753 4601; x_wconf 90' lang='lat' dir='ltr'>arbitrium</span> <span class='ocrx_word' id='word_1_458' title='bbox 771 4562 865 4605; x_wconf 87' lang='lat' dir='ltr'>eorum</span> <span class='ocrx_word' id='word_1_459' title='bbox 878 4547 959 4613; x_wconf 80' lang='lat' dir='ltr'>juxta</span> <span class='ocrx_word' id='word_1_460' title='bbox 975 4544 1060 4617; x_wconf 86' lang='lat' dir='ltr'>patrie</span> <span class='ocrx_word' id='word_1_461' title='bbox 1071 4543 1294 4603; x_wconf 87' lang='lat' dir='ltr'>consuetudinem</span> 
     </span>
    </p>
   </div>
   <div class='ocr_carea' id='block_1_4' title="bbox 0 0 1608 5408">
    <p class='ocr_par' dir='ltr' id='par_1_7' title="bbox 0 0 1608 5408">
     <span class='ocr_line' id='line_1_50' title="bbox 0 0 1608 5408; baseline 0 0"><span class='ocrx_word' id='word_1_462' title='bbox 0 0 1608 5408; x_wconf 95' lang='lat' dir='ltr'> </span> 
     </span>
    </p>
   </div>
  </div>
 </body>
</html>
