3194 5408
541 519 641 574 ANNO
660 536 684 576 1.
704 519 875 574 13931394
1269 521 1316 575 251

58 656 240 712 crucifixus
250 660 293 712 est
303 657 398 727 etipse
408 655 519 722 mundo,
532 657 619 712 factus
632 661 672 716 est
682 675 799 729 magnus
808 655 1009 715 haereticorum
1020 662 1183 727 persecutor,
1190 658 1315 729 justitiae

58 743 93 794 11
113 739 249 796 unitatis
261 738 391 796 ecclesiae
407 740 508 796 zelator
523 744 551 795 11
566 740 686 797 fervidus
696 742 867 810 praedicator
878 743 908 797 in
923 740 997 796 dicta
1012 740 1129 796 dioecesi
1140 744 1235 797 111111
1245 743 1313 798 vitia

57 826 227 884 laieorum
244 828 273 879 et
289 823 459 888 clericorum,
477 822 548 878 nihil
565 826 600 879 ab
617 824 672 879 illis
688 825 786 894 quibus
802 825 942 894 praedicat
957 823 1090 892 recipiens
1103 839 1149 878 seu
1160 824 1312 892 requirens,

59 911 196 966 nullum
208 906 361 976 temporale
372 924 418 962 seu
435 906 647 962 ecclesiasticum
661 909 730 976 petit
746 908 915 972 beneficium,
934 909 981 963 sed
999 907 1141 972 desiderat,
1154 911 1186 962 ut
1201 908 1314 963 liberius

60 997 97 1048 et
120 991 194 1045 sine
216 989 410 1057 impedimento
425 989 582 1058 praedicare
599 990 690 1058 possit,
703 991 803 1045 111111
814 1008 895 1060 super
911 991 979 1045 haec
996 990 1211 1045 commissionem
1222 995 1313 1047 auoto-

61 1074 168 1129 ritate
180 1071 343 1140 apostolica.
357 1070 443 1137 Unde,
457 1076 589 1140 quantum
600 1073 668 1126 mihi
686 1077 772 1140 potest
786 1090 925 1141 apparere,
938 1072 1077 1128 videretur
1088 1071 1231 1141 expediens
1242 1074 1314 1141 quod

62 1161 179 1212 vestr-s
199 1153 332 1208 sanctim
349 1153 436 1209 eidem
454 1155 590 1210 conferret
608 1155 798 1211 anctoritatem
818 1155 993 1224 praedicandi
1010 1160 1037 1211 et
1054 1159 1148 1210 contra
1163 1154 1314 1209 haereticos

63 1235 250 1305 inquirendi
270 1239 298 1290 et
316 1236 399 1291 etiam
410 1240 515 1291 restrae
531 1237 683 1292 sanctitatis
699 1238 858 1292 eanonicam
873 1237 1008 1307 justitiam
1028 1237 1057 1291 in
1074 1236 1129 1291 suis
1145 1236 1315 1291 sermonibus

64 1318 254 1391 propalandi
266 1318 296 1372 iu
307 1317 448 1387 provincia
460 1318 615 1374 Coloniensi
627 1321 670 1374 vel
681 1321 776 1375 saltem
787 1320 817 1374 in
826 1320 964 1389 praedicta
975 1317 1090 1375 dioecesi
1103 1318 1279 1388 Trajeotensi.

176 1398 320 1468 Scriptum
335 1398 438 1463 Leodil,
450 1402 482 1454 21
494 1400 539 1454 die
551 1400 685 1455 Octobris.

354 1500 478 1567 Acquoy,
504 1498 628 1554 Gerardi
650 1501 752 1569 Maqni
773 1499 905 1568 epistolae
921 1499 1001 1563 XIV,
1022 1500 1072 1553 blz.
1094 1502 1128 1554 59
1145 1517 1180 1554 en
1200 1504 1241 1565 60,
1260 1505 1314 1556 met

388 1589 582 1638 commentaar.
596 1585 684 1640 Reeds
695 1585 842 1654 afgedrukt
853 1585 890 1650 blj
910 1582 1028 1637 Thomas
1044 1599 1061 1636 1
1078 1580 1197 1650 Kempis‚
1213 1583 1311 1650 Opera,

387 1665 481 1721 aohter
501 1668 534 1721 de
558 1668 620 1720 Vita
639 1667 763 1721 Gerardi
784 1669 886 1735 Maqm'
904 1665 1025 1733 (uitgave
1044 1681 1098 1718 van
1121 1664 1211 1729 Parljs
1240 1667 1313 1729 1523,

387 1747 434 1803 fol.
447 1764 500 1802 oux
511 1751 730 1815 verso).-0ver
740 1751 793 1804 den
810 1747 1036 1813 vermoedelljken
1053 1747 1146 1800 datum
1163 1746 1255 1811 (1383),
1273 1744 1314 1798 zie

385 1832 508 1899 Aoquoy,
532 1833 583 1886 blz.
605 1837 646 1887 50.
662 1833 708 1887 Zie
730 1833 783 1887 ook
805 1832 881 1895 Moll,
906 1828 1181 1898 Kerbyesobiedeais,
1198 1827 1257 1882 deel
1273 1828 1310 1891 11,

387 1917 416 1967 3ο
428 1913 499 1977 stuk,
519 1915 569 1969 blz.
588 1919 630 1979 68,
651 1916 695 1970 die
714 1931 781 1970 voor
798 1914 925 1969 Urbanus
942 1912 980 1967 VI
997 1910 1195 1978 verkeerdelljlr
1211 1911 1311 1965 Marti-

305 1993 307 1999 ’
387 2011 440 2048 nm
461 1996 500 2050 VI
507 1995 536 2062 (l)
547 1999 663 2066 opgeeft.

659 2204 750 2274 286.

133 2394 335 2463 Omstreeks
358 2396 452 2465 1393
478 2395 646 2482 of13911‚
677 2395 812 2463 Utreobt
838 2414 880 2460 ea
907 2393 1119 2482 omlippende
1138 2396 1308 2481 plantam.

82 2497 274 2565 Uittreksel
302 2499 352 2566 uit
379 2501 419 2568 de
444 2500 577 2586 kronijk
603 2520 667 2565 van
692 2497 815 2565 Rudolf
837 2498 912 2563 Dier
939 2497 978 2575 de
1006 2497 1126 2563 Muden
1143 2496 1183 2582 (†
1198 2496 1309 2584 1458),

83 2601 324 2669 vermeldende
356 2604 412 2672 311
442 2605 481 2671 31
512 2603 707 2689 inquisiteur
741 2601 862 2690 Eylard
894 2600 1094 2667 Schoneveld
1125 2598 1165 2666 de
1196 2600 1312 2669 devote

85 2709 222 2772 zusters
238 2705 352 2773 eldaar
367 2707 575 2793 hardnekkig
590 2705 779 2792 vervolgde.

121 2859 204 2914 Tunc
226 2861 356 2930 temporis
364 2828 431 2916 *mit
449 2862 580 2931 magister
600 2861 733 2930 Eylardus
755 2859 900 2928 inquisitor
921 2859 1074 2913 haereticae
1093 2858 1243 2927 pravitatis,
1265 2860 1312 2928 qui

87 2944 209 2998 multum
221 2945 382 2999 molestabat
392 2961 497 2999 sorores
509 2946 543 3009 (l)
554 2944 584 2998 in
596 2945 721 3012 Trejecto
732 2964 739 3011 3
751 2944 798 2997 sed
809 2941 934 2998 dominus
945 2941 1104 2995 Floreneius
1115 2944 1148 3007 (2)
1159 2947 1187 2996 11
1198 2941 1313 2997 Weren·

87 3026 189 3080 boldus
199 3028 233 3092 (3)
244 3026 406 3082 resistebant
416 3027 451 3081 ei.

354 3123 493 3192 Scriptum
503 3122 647 3192 Rudolpbi
657 3123 724 3175 Dier
734 3123 768 3175 de
777 3123 811 3175 M
810 3122 883 3174 aden
891 3121 925 3174 31
933 3123 1071 3190 Mayistro
1082 3121 1208 3176 Gerardo
1220 3120 1311 3184 Grote,

387 3223 445 3260 ena.
458 3207 621 3275 uitgegeven
638 3207 706 3260 door
722 3206 852 3269 Dumbar,
865 3205 1006 3268 Analecta,
1019 3204 1078 3258 deel
1094 3205 1116 3269 Ι,
1128 3205 1178 3258 blz.
1192 3208 1224 3257 29
1235 3221 1269 3257 en
1281 3207 1313 3257 30

388 3288 567 3356 (aangehaald
586 3289 654 3342 door
673 3291 798 3355 Acquoy,
822 3287 944 3340 Gorardi
963 3289 1064 3356 Mapni
1083 3284 1213 3355 epistolae
1231 3285 1311 3348 XIV,

388 3371 439 3425 blz.
462 3375 494 3424 47
517 3388 552 3425 en
574 3370 642 3425 door
659 3371 736 3435 Moli,
757 3367 1032 3437 Kerkyescbiedeaia
1053 3369 1114 3423 deel
1135 3367 1169 3433 11,
1191 3371 1219 3421 3ο
1239 3366 1311 3430 stuk,

385 3453 437 3508 blz.
451 3455 492 3518 92,
505 3455 589 3519 1111.)

659 3595 751 3665 237.

140 3772 336 3840 Omstreeks
354 3770 448 3840 1393
464 3772 623 3856 of1394,
647 3773 783 3841 Utreobt
797 3793 840 3841 ea
855 3773 1065 3860 omtippende
1079 3773 1248 3857 ptootsen.
1267 3771 1313 3836 De

88 3877 287 3963 inquisiteur
312 3877 436 3965 Eylard
459 3876 660 3944 Sohoneveld
684 3879 761 3944 etelt
790 3898 850 3943 een
878 3876 1059 3942 onderzoek
1083 3875 1115 3941 in
1146 3894 1225 3940 over
1250 3876 1313 3942 den

123 4126 161 4191 (1)
179 4125 219 4178 De
229 4127 331 4178 zusters
342 4139 395 4177 van
406 4124 440 4177 de
452 4122 761 4188 Gerardinenkloosters,
773 4122 818 4177 die
829 4139 883 4176 ran
893 4121 1001 4189 ketterlj
1014 4121 1143 4176 verdacht
1154 4121 1271 4176 werden.

122 4210 159 4273 (2)
177 4207 291 4261 Florens
307 4206 472 4272 Radewijns,
485 4205 580 4260 vriend
597 4221 650 4260 van
671 4207 752 4261 Geert
769 4206 867 4261 Groote
887 4223 922 4260 en
941 4206 1064 4260 ieveraar
1082 4221 1148 4258 voor
1166 4205 1198 4259 de
1218 4206 1313 4260 devote

86 4295 363 4440 Ζιι(1111111111111111
374 4370 537 4426 Wermbold
548 4389 600 4425 van
613 4372 727 4440 Buseop,
741 4371 836 4426 vriend
854 4388 907 4425 van
926 4372 1006 4426 Geert
1023 4370 1122 4426 Groote
1136 4388 1171 4425 en
1185 4371 1311 4426 1111111-

87 4473 152 4512 rens
172 4455 331 4523 Redewljns
351 4472 385 4510 en
405 4455 518 4511 stichter
537 4471 589 4511 van
610 4459 678 4523 vrije
699 4454 896 4526 godvruchtige
917 4453 1125 4525 gezelsohappen
1145 4472 1197 4509 van
1219 4454 1312 4512 beider

88 4541 192 4596 kunne.
