3188 5408
248 528 296 581 lli
788 513 887 570 ANNO
907 515 982 570 laer

245 676 355 739 alcuius
370 664 405 725 do
424 659 554 722 mariun
572 657 627 717 tuis
646 656 697 717 tibi
716 658 867 716 commissis
888 658 918 716 in
937 660 999 732 loge
1015 657 1125 716 Domini
1144 658 1357 729 auditaque
1372 658 1406 717 ad
1438 654 1548 734 ¹²⁰⁰.

246 759 359 807 utorium
374 765 431 807 csso
448 743 585 808 rioi'eritia
604 743 638 798 ad
656 748 745 813 partes
762 744 941 813 Burgundiae
952 750 979 800 et
996 744 1192 813 Lotharingiae
1210 742 1411 807 transmittatis,
1461 742 1552 800 qm

245 844 321 893 cleu·
340 846 367 891 ct
388 832 488 903 puerulo
508 830 662 885 convocatis
683 830 839 897 generalem
856 828 1085 897 praedicationem
1103 828 1214 891 faciant,
1234 826 1281 881 ubi
1302 817 1555 882 commodius

248 918 363 973 tulerint
377 914 512 983 sepelire,
523 916 550 966 et
561 912 698 979 adiunctis
706 912 757 965 sibi
770 911 893 966 discretis
902 912 1039 979 aliquibus
1047 913 1082 966 ad
1094 913 1161 966 haec
1170 910 1305 966 solicitius
1316 929 1430 980 exeque
1436 893 1561 962 nde

246 999 373 1067 «litiganti
394 996 553 1069 puiruuirant
571 995 745 1050 solicitudine
763 997 797 1049 de
816 996 961 1050 haereticis
985 1000 1011 1051 et
1040 997 1122 1052 etiam
1142 996 1291 1059 infamatis,
1313 996 1381 1051 etsi
1402 990 1565 1066 11¹9*

247 1083 397 1153 ciilpabiluu
414 1079 455 1133 vil
474 1079 618 1134 infamatos
644 1080 806 1143 invenerint,
827 1080 878 1134 nisi
902 1080 1050 1135 examinati
1074 1081 1159 1135 velint
1184 1081 1310 1135 absolute
1332 1066 1569 1135 manda-ui

246 1164 378 1229 ,cr-lmine
396 1161 514 1224 olieclirc,
534 1162 682 1230 procedant
702 1167 797 1216 contra
815 1180 861 1216 eos
877 1165 958 1230 juxta
975 1168 1075 1218 statuta
1094 1163 1165 1218 sedis
1186 1162 1352 1230 apostolicae
1372 1153 1572 1217 coint¹¹1²

249 1251 398 1309 pupuli-oa
417 1244 522 1303 {ieviter
539 1245 712 1312 promulgata
729 1244 757 1296 in
774 1248 963 1312 receptatores,
977 1246 1129 1299 defensores
1144 1247 1172 1300 et
1188 1246 1308 1298 fautores
1325 1236 1487 1299 bremt-i
1503 1236 1579 1321 ff

248 1356 318 1395 istiu.
331 1330 478 1387 auiiuulum
491 1327 585 1381 cadem
596 1329 696 1381 statuta
713 1326 890 1380 nihilominus
908 1327 1068 1395 processuri.
1089 1328 1118 1382 Si
1136 1345 1200 1382 vcro
1217 1327 1313 1395 aliqui,
1332 1315 1582 1382 haereti-’⁶⁸

248 1422 308 1473 luftu
326 1413 432 1487 peruritur
449 1412 584 1481 abjurata,
608 1411 644 1462 ad
661 1410 870 1464 ecclesiasticam
891 1411 980 1465 redire
997 1413 1134 1467 volueriut
1150 1412 1293 1475 unitatem,
1312 1412 1380 1481 ipsis
1391 1415 1442 1481 jin
1459 1390 1584 1476 99

248 1508 361 1553 tur-ruam
373 1493 503 1551 ‹rislcniae
515 1492 677 1546 beneficium
688 1493 865 1547 absolutionis
883 1493 1038 1560 impendant
1056 1499 1084 1548 et
1101 1494 1246 1564 injungant
1257 1494 1306 1560 eis,
1319 1497 1394 1564 quod
1577 1493 1584 1505 '

248 1588 296 1637 lura
308 1577 447 1635 mir-iuuit
463 1576 581 1644 injungi.
600 1575 729 1629 attentius
746 1576 890 1643 provisuri,
904 1594 938 1630 no
955 1579 1002 1643 qui
1020 1578 1148 1632 videntur
1163 1578 1274 1641 reverti,
1287 1580 1339 1632 sub
1357 1580 1422 1648 palli

247 1664 335 1733 epacte
352 1660 459 1732 pluatis
476 1659 642 1725 impietatem
659 1657 831 1712 committant
852 1665 880 1712 et
896 1659 1010 1727 angelus
1026 1665 1137 1715 satanam
1156 1650 1275 1714 in'lucis
1295 1663 1430 1730 angelum
1565 1705 1569 1714 .

248 1746 428 1807 trarufurmut,
441 1740 634 1811 propterquod
645 1743 755 1802 statuta,
768 1758 837 1807 quac
854 1758 935 1807 super
949 1740 1001 1794 hoc
1018 1741 1144 1796 duximus
1161 1743 1372 1812 promulganda,
1388 1724 1578 1809 insfssp

248 1830 445 1897 amputarunt
456 1828 483 1877 et
494 1823 631 1875 abeorum
644 1820 758 1883 insidiis,
768 1822 916 1875 secuudum
924 1821 1113 1876 discretionem
1122 1822 1161 1876 cis
1173 1823 1304 1878 traditam
1318 1825 1464 1880 aDomin
1567 1819 1573 1837 '

248 1924 417 1979 praecavere.
439 1907 481 1961 nd
502 1906 579 1964 haec,
597 1908 629 1958 ut
648 1921 729 1972 supra
749 1904 902 1972 praemissis
923 1904 1048 1959 omnibus
1067 1905 1186 1959 officium
1214 1906 1265 1959 sibi
1295 1873 1569 1961 commiss-ursi

248 1990 360 2051 titurius
377 1988 480 2059 possint
495 1991 523 2041 et
541 1985 679 2041 efficacius
698 2004 832 2049 exercerc,
852 1986 986 2049 omnibus,
1005 1987 1052 2054 qui
1073 1989 1107 2041 ad
1125 1988 1357 2056 praedicationem
1376 1947 1564 2066 eorunf:¹

247 2071 409 2129 icitieauuint
426 2071 455 2124 in
471 2068 587 2138 singulis
603 2068 773 2131 stationibus,
781 2068 879 2136 viginti
895 2069 961 2132 dies,
975 2069 1030 2123 illis
1048 2087 1121 2134 vero,
1134 2072 1181 2138 qui
1198 2072 1232 2126 ad
1250 2072 1464 2143 impugnandum

249 2152 406 2215 tricundii-oa,
419 2153 547 2210 fautores.
561 2154 748 2218 receptatores,
768 2152 920 2204 defensores
937 2168 1032 2205 corum
1048 2151 1077 2205 in
1094 2153 1293 2208 munitionibus
1308 2161 1336 2210 et
1353 2156 1462 2211 castellis

249 2238 289 2293 viil
302 2235 370 2290 alim
381 2238 477 2287 contra
488 2233 630 2288 ecclesiam
641 2232 811 2294 rebellantes,
824 2231 888 2299 ipsis
899 2251 932 2286 ex
943 2231 1035 2286 animo
1047 2233 1189 2298 auxilium,
1200 2237 1347 2292 consilium
1359 2241 1462 2308 praesti-

249 2316 332 2375 terint
348 2315 391 2369 vcl
410 2315 540 2376 favorem,
559 2315 592 2367 de
612 2314 802 2381 omnipotentis
821 2314 870 2367 Dei
888 2314 1075 2368 misericordia
1091 2319 1119 2369 et
1136 2316 1168 2370 B.
1192 2317 1224 2370 Β.
1249 2319 1327 2374 Petri
1344 2326 1374 2377 et
1392 2323 1466 2377 Pauli

249 2397 431 2469 riputateloium
442 2398 501 2465 ejus
513 2396 674 2450 auctoritate
693 2396 788 2449 contisi
805 2400 860 2449 tres
871 2413 956 2449 annos
973 2396 1006 2450 de
1023 2397 1148 2466 injuncta
1158 2398 1209 2452 sibi
1223 2396 1396 2467 poenitentia
1408 2405 1468 2457 rela-

251 2497 360 2544 ιιιυιιικς
381 2484 409 2531 ct
427 2477 450 2529 si
468 2478 515 2544 qui
536 2495 568 2531 ex
589 2478 632 2530 his
651 2478 680 2530 in
700 2478 888 2546 prosecutione
907 2478 989 2548 hujus
1009 2478 1111 2547 negotii
1138 2481 1207 2535 ferte
1234 2483 1411 2548 decesserint,
1433 2488 1469 2541 eis

247 2560 368 2618 etruriam
379 2564 561 2629 peecatorum,
572 2561 605 2614 de
615 2560 712 2627 quibus
721 2561 802 2614 cordo
812 2560 921 2614 contriti
934 2577 966 2613 ac
979 2578 1026 2614 ore
1037 2562 1150 2616 confessi
1162 2568 1234 2627 sunt,
1244 2563 1354 2631 plenam
1367 2567 1473 2622 veniam

249 2644 429 2709 lriatulncmus.
444 2643 485 2696 Ne
495 2659 560 2695 vero
577 2641 679 2707 aliquid
693 2642 822 2695 fratribus
840 2641 905 2709 ipsis
916 2641 985 2695 desit
996 2643 1030 2695 ad
1049 2643 1217 2711 praedictum
1229 2644 1374 2714 negotium
1385 2664 1474 2715 prose·

247 2727 394 2799 «pareculum,
406 2724 434 2777 in
447 2724 663 2778 contradictores
671 2729 697 2778 et
706 2724 819 2777 rebelles
830 2723 1041 2778 ecclesiasticam
1050 2727 1203 2793 proferendi
1221 2744 1367 2783 censuram
1380 2736 1478 2788 tenore

250 2805 430 2881 prensantium
443 2807 556 2860 liberam
569 2807 608 2860 eis
619 2807 791 2859 concedimus
809 2807 965 2860 facultatem
976 2825 984 2872 ς
997 2808 1195 2875 praedicatores
1206 2827 1314 2878 quoque
1326 2817 1474 2878 peraestua-

250 2893 312 2954 riua,
325 2906 442 2957 uirorum
461 2889 571 2943 interest
583 2889 726 2943 caritativa
737 2893 842 2943 tantum
854 2889 975 2942 subsidia
991 2889 1152 2957 simpliciter
1168 2897 1258 2959 pctore
1274 2910 1308 2947 ac
1325 2892 1475 2964 indulgen·

249 2988 323 3037 tium,
344 2971 367 3026 ai
387 2989 469 3040 qumn
493 2973 562 3047 forte
581 2971 690 3034 habent,
709 2989 851 3039 exponere,
864 2989 883 3024 a
904 2972 1112 3039 praedicationis
1132 2974 1229 3039 officio,
1252 2976 1325 3042 quod
1344 2977 1382 3031 ad
1403 2977 1480 3046 ipsos

250 3058 404 3114 cirillutcnus
424 3054 549 3122 pertinet,
574 3053 760 3122 compescendi
778 3072 893 3108 censura
912 3055 995 3108 simili
1013 3055 1113 3110 eisdem
1134 3055 1311 3112 nihilominus
1331 3059 1479 3119 licentiam

250 3142 431 3211 imlulgemus.

284 3227 382 3280 llatum
395 3220 534 3290 Lugduni,
548 3220 614 3274 XVI
626 3221 681 3275 kal.
696 3221 860 3285 Decembris,
874 3221 1047 3288 pontificatus
1060 3222 1143 3277 nostri
1156 3240 1228 3277 anno
1239 3225 1344 3291 quinto.

458 3335 560 3404 Ripoll,
571 3336 630 3389 dael
642 3336 664 3399 I,
678 3336 728 3388 blz.
740 3339 796 3399 179,
809 3346 837 3388 nr
848 3338 903 3389 189.
914 3336 1057 3400 (Petthast,
1068 3337 1128 3391 decl
1139 3338 1174 3402 11,
1185 3339 1235 3392 blz.
1247 3342 1320 3404 1073,
1332 3350 1362 3394 n‘
1373 3345 1481 3411 lette.)

1563 1553 1584 1600 ta

814 3585 902 3651 124.

297 3800 400 3878 1247,
428 3799 648 3883 Anfwerpen.
671 3793 852 3861 Uittreksel
880 3794 928 3862 uit
955 3795 1013 3862 het
1041 3791 1179 3860 Bonum
1206 3794 1404 3863 uriirrersole
1432 3799 1477 3865 dc

246 3903 369 3993 apibus
387 3921 447 3968 van
465 3902 527 3967 den
552 3899 799 3967 Brabantschen
824 3899 1007 3987 tijdgenoet
1031 3899 1169 3963 Thomas
1193 3897 1471 3982 CautipratensiS,

248 4008 454 4097 predikheer,
479 4007 619 4071 waaruit
643 4003 742 4088 blijkt
764 4002 820 4068 dat
842 4002 1016 4080 Guiardus,
1035 4000 1186 4085 hisschop
1202 4022 1264 4066 van
1282 4002 1472 4090 Karnerijk,

248 4122 299 4179 ter
315 4111 400 4199 alidij
420 4131 482 4176 van
501 4110 651 4194 Affligem
668 4108 701 4173 in
720 4107 775 4172 dat
792 4107 868 4193 jaer
881 4107 1044 4184 overleed,
1062 4104 1237 4192 terwijlhij
1255 4125 1295 4189 ep
1312 4125 1388 4191 weg
1402 4127 1475 4174 was

247 4240 299 4283 cun
324 4215 563 4300 Antwerpsche
586 4215 715 4281 letters
740 4219 771 4277 te
795 4231 880 4297 gean
910 4211 1098 4296 vervolgen.
1128 4208 1220 4291 (Deae
1248 4207 1477 4296 medadeeling

250 4320 354 4387 werdt
380 4327 446 4385 met
470 4320 530 4385 den
556 4319 668 4385 druom
687 4339 748 4384 vnn
767 4337 868 4382 eeueu
894 4313 1090 4400 predikheer
1113 4319 1147 4378 te
1169 4312 1255 4378 Gent
1276 4332 1315 4375 en
1342 4320 1412 4379 met
1435 4315 1476 4379 de

249 4424 472 4512 vraiacliijuing
501 4445 560 4488 vnn
592 4423 653 4488 den
683 4421 858 4487 orerleden
893 4418 1043 4502 hisschop
1071 4437 1130 4482 aen
1162 4416 1260 4481 dezen
1289 4415 1474 4500 slnpendeu

248 4530 378 4595 uruuil
398 4526 429 4594 in
449 4527 591 4594 verband
610 4525 800 4615 gebracht.)
