3188 5408
693 521 794 577 ANNO
812 524 891 577 1166

752 770 839 840 341.

219 956 344 1041 (1466,
362 956 500 1042 Rijsclil
517 956 649 1027 Andere
660 958 747 1027 brief
755 981 819 1027 van
835 960 899 1026 Jan
918 959 957 1026 de
974 959 1098 1026 Econte
1111 979 1174 1026 aun
1190 960 1316 1029 Carlier
1327 982 1407 1030 orer

159 1067 161 1071 ‘
178 1055 341 1125 hcizelfde
357 1058 552 1145 onderwerp
563 1082 604 1128 en
620 1083 710 1130 meer
722 1063 860 1150 bepaald
877 1082 957 1129 over
973 1061 1014 1129 de
1028 1062 1205 1147 stellingen
1219 1083 1286 1130 van
1303 1065 1408 1131 Bonc-

176 1163 236 1230 ins
251 1182 293 1230 en
308 1163 414 1228 Frans
429 1160 468 1226 de
484 1161 629 1232 Maronis
651 1167 844 1254 cungaande
862 1167 968 1234 Maria
985 1186 1026 1232 en
1043 1164 1075 1233 S‘
1090 1167 1154 1233 lan
1171 1166 1234 1233 den
1259 1171 1409 1256 Evange-

178 1266 249 1336 list.
268 1303 311 1315 —
325 1262 410 1331 Deze
425 1263 512 1330 brief
528 1269 656 1356 getuigt
670 1291 734 1338 ran
751 1271 791 1337 de
808 1274 924 1357 groote
949 1268 1180 1337 beroemdheid
1201 1291 1265 1339 van
1282 1270 1408 1340 Carlier

178 1368 216 1435 in
238 1366 320 1434 zalre
341 1387 407 1434 vnn
428 1365 583 1436 kerkleer
605 1393 646 1439 en
666 1372 813 1461 ketterij.
834 1375 898 1441 Jan
921 1372 962 1438 de
986 1374 1110 1439 Econte
1138 1368 1309 1440 overlaadt
1332 1375 1408 1442 hem

179 1476 250 1539 met
260 1471 483 1556 loftuitingen.
497 1472 550 1558 Hij
568 1472 721 1562 beklcugt
732 1479 789 1546 het
800 1477 912 1558 bilior,
929 1476 986 1543 dat
1002 1477 1132 1542 aooveel
1148 1478 1409 1564 oproerighedcn

180 1575 217 1641 in
244 1575 285 1641 de
315 1574 407 1640 Kerlr
423 1594 464 1640 en
486 1576 519 1642 in
549 1577 589 1643 dc
619 1580 834 1669 godgelcerde
863 1581 1025 1648 Faculteit
1048 1599 1113 1647 van
1138 1581 1247 1668 Parijs
1277 1579 1409 1649 iederen

180 1677 247 1848 geg
263 1677 381 1795 geduld
404 1679 552 1762 worden,
571 1686 693 1774 terwijl
710 1686 749 1753 de
772 1686 906 1771 ketterij
926 1687 959 1751 in
977 1683 1141 1751 Bchemen
1159 1704 1223 1751 aan
1245 1683 1302 1751 het
1326 1705 1413 1752 woe-

203 1801 246 1848 en
271 1803 310 1849 rs.

214 1954 355 2022 Scriptum
367 1953 476 2008 domini
486 1955 627 2011 lobannis
637 1959 672 2012 dc
684 1959 793 2025 Εοοηὶε,
806 1977 884 2014 sacre
895 1958 1033 2029 tbeolcpic
1044 1958 1213 2028 professoris
1225 1958 1411 2023 Pcriaicntis,

178 2037 354 2106 macarutii
369 2038 532 2105 insulensis,
550 2058 634 2111 super
649 2047 769 2098 materia
785 2043 935 2112 filiationis
953 2042 1095 2097 lobannis
1120 2040 1301 2109 Euangelistc
1317 2047 1414 2095 contra

189 2121 329 2175 Bonuum
341 2128 365 2174 et
376 2121 560 2175 Ebcmiscum
571 2122 606 2175 de
617 2124 755 2178 Maronis.

216 2237 358 2291 Aduersus
368 2239 522 2293 nouitatum
534 2238 655 2293 curiosos
666 2239 843 2308 inquisitores
854 2244 1066 2306 sectatoresque,
1079 2237 1128 2306 qui
1144 2235 1284 2305 propriam
1296 2234 1415 2303 giorim

179 2318 307 2373 inaniter
316 2324 459 2386 querentes
470 2319 639 2374 indiscissam
652 2319 730 2375 ihesu
744 2321 845 2375 Christi
858 2322 981 2374 tunicam
994 2326 1021 2373 et
1031 2321 1148 2387 desuper
1157 2323 1313 2372 contextam
1323 2316 1413 2370 minu·

179 2401 267 2457 tatim
278 2416 326 2466 per
337 2401 439 2453 frustra
449 2400 602 2468 discerpere
614 2403 735 2470 aequasi
747 2403 842 2469 vulpes
855 2402 964 2455 vineam
982 2400 1093 2455 Domini
1111 2399 1295 2455 exterminare
1312 2414 1412 2452 conan-

179 2486 380 2550 torquentum
397 2481 428 2534 in
444 2483 483 2536 eis
499 2488 548 2546 est,
561 2484 604 2537 vel
620 2483 750 2552 religiosa
766 2483 933 2551 simplicium
948 2483 1031 2536 corda
1048 2483 1105 2536 suis
1121 2483 1200 2536 venis
1218 2480 1415 2548 sacrilegisque

181 2565 363 2633 opinionibus
373 2562 521 2618 exhaurire
533 2572 560 2618 ct
569 2571 703 2631 quantum
721 2564 802 2618 ineis
818 2570 858 2618 est
875 2565 957 2617 fidem
967 2579 1060 2617 veram
1074 2564 1237 2630 perturbare
1248 2578 1303 2616 non
1320 2576 1414 2616 vercu-

182 2655 245 2712 tur,
267 2646 377 2715 egregie
397 2651 424 2700 et
451 2645 605 2701 luculenter
624 2646 782 2714 scripsistis,
808 2646 958 2700 reuerende
980 2646 1019 2699 mi
1043 2650 1186 2713 preceptor
1208 2643 1418 2709 doctissimeque

186 2734 270 2798 peter
287 2744 319 2782 ac
338 2727 440 2782 Christi
463 2727 643 2783 inuictissime
663 2728 773 2783 athleta.
788 2731 823 2783 Et
844 2745 898 2795 que
920 2728 975 2782 leto
999 2727 1061 2781 sinu
1081 2727 1188 2794 suscepi
1210 2726 1312 2794 scripta
1328 2732 1418 2780 vestra

185 2808 338 2865 nouissime
354 2810 427 2864 iacta
442 2811 573 2864 eduersus
590 2811 746 2879 opinionem
763 2811 861 2865 Boneti
877 2810 994 2864 dicentis
1010 2811 1082 2875 quod
1099 2827 1148 2877 per
1163 2810 1248 2863 rerba
1265 2806 1367 2863 Christi
1388 2807 1417 2860 in

187 2906 275 2945 cruce
294 2891 435 2958 pendentis
458 2893 492 2944 ad
515 2891 632 2946 Mariam
652 2893 788 2960 virginem
811 2896 926 2946 matrem
949 2892 1008 2945 eius
1029 2893 1135 2945 directa
1157 2891 1192 2946 de
1214 2892 1273 2959 ipso
1290 2888 1417 2943 iohanne

189 2973 372 3041 Euangelista
388 2989 395 3024 :
414 2973 485 3025 Ecce
506 2973 584 3041 filius
602 2981 675 3036 tuus,
694 2972 818 3027 Christus
834 2971 970 3026 increauit
987 2971 1149 3025 filiationem
1166 2974 1196 3025 in
1216 2973 1274 3040 ipso
1291 2973 1419 3027 iohanne

188 3071 287 3110 rerem
304 3062 331 3109 et
346 3054 447 3108 realem
464 3055 497 3106 ad
510 3063 625 3108 matrem
637 3054 748 3116 Christi,
760 3056 806 3109 sed
823 3071 879 3109 non
895 3053 1063 3117 naturalem3
1081 3053 1193 3120 insuper
1210 3058 1342 3108 aduersus
1360 3055 1417 3120 opi·

188 3137 303 3191 nionem
326 3137 466 3190 Francisci
487 3137 520 3190 de
540 3136 662 3191 Maronis
689 3137 804 3190 dicentis
831 3138 904 3202 quod
931 3135 1056 3189 Christus
1073 3136 1138 3189 fecit
1160 3136 1203 3189 rel
1220 3137 1311 3190 facere
1328 3135 1419 3203 potuit

189 3218 347 3273 Jobnnnem
364 3237 421 3273 esse
437 3219 525 3272 filium
541 3218 666 3286 Virginis
685 3219 789 3286 prefate
807 3234 912 3281 rerum,
930 3217 1032 3271 realem
1056 3222 1083 3270 et
1104 3216 1258 3270 naturalem
1276 3233 1419 3283 persuum

189 3301 429 3369 omnipotentiam,
447 3300 492 3356 cui
512 3317 568 3354 non
585 3305 626 3353 est
645 3300 812 3366 impossibile
829 3315 910 3352 omne
928 3299 1051 3361 verbum,
1070 3297 1155 3351 michi
1176 3297 1374 3361 transmisistis,
1393 3307 1421 3350 ct

190 3383 267 3450 quod
278 3383 366 3451 magis
377 3384 541 3447 muendum,
554 3400 650 3449 meque
666 3383 812 3450 indignum
824 3399 872 3449 per
883 3388 986 3435 vestras
997 3380 1122 3434 missiuas
1132 3380 1248 3434 iussistis
1258 3386 1289 3434 ut
1301 3378 1420 3433 scribom

191 3463 262 3532 quid
285 3466 400 3520 sentiam
423 3466 457 3519 de
475 3466 571 3520 vestris
589 3465 743 3519 rationibus
769 3482 801 3518 cc
824 3462 1072 3530 improbatiouibus
1093 3462 1156 3515 illas
1179 3462 1352 3516 fortificendo
1374 3465 1422 3515 aut

191 3547 369 3604 infirmando.
387 3548 439 3601 Sed
455 3547 526 3602 absit
542 3548 624 3616 longe
641 3563 657 3600 a
674 3564 718 3600 me
734 3551 811 3599 tanta
827 3544 994 3613 presumptio
1010 3545 1213 3610 temeritasque,
1231 3544 1421 3598 colendissimo

193 3629 236 3684 mi
248 3634 399 3697 preceptor,
416 3634 448 3682 ut
464 3644 525 3696 ego,
543 3627 591 3693 qui
608 3628 653 3680 vix
665 3626 792 3693 discipuli
809 3628 948 3695 promerui
965 3642 1074 3689 nomen,
1092 3627 1214 3693 aperiam
1227 3642 1256 3679 os
1273 3633 1322 3680 aut
1338 3641 1421 3692 appo·

194 3726 262 3765 nam
281 3726 393 3764 manum
404 3711 438 3763 ad
449 3709 642 3778 corrigendum
654 3709 698 3763 vel
713 3709 931 3762 confirmandum
948 3708 1023 3761 dicta
1033 3725 1080 3761 seu
1097 3707 1199 3775 scripta
1218 3707 1422 3775 irrefragabilia

196 3798 227 3846 et
235 3791 378 3846 sanissima
394 3793 464 3847 tanti
480 3794 533 3846 viri
551 3799 661 3859 tamque
677 3793 795 3861 insignis
810 3793 939 3856 doctoris,
957 3793 1031 3859 apud
1049 3809 1130 3858 quem
1147 3793 1202 3860 hijs
1218 3793 1248 3846 in
1264 3782 1425 3860 regionibus

196 3874 298 3928 residet
309 3873 464 3940 eminetque
474 3875 642 3943 magistralis
653 3875 810 3938 auctoritas,
823 3874 954 3940 temporis
963 3882 990 3928 et
1006 3874 1131 3929 doctrine
1148 3875 1293 3930 maturitas
1309 3891 1343 3929 ac
1359 3873 1424 3928 fidei

196 3955 333 4009 catholice
344 3956 472 4010 firmitas.
488 3956 542 4011 Vos
554 3958 627 4010 enim
639 3957 711 4021 estis,
728 3975 744 4010 o
755 3957 798 4009 vir
810 3955 970 4019 orthodoxe,
984 3956 1030 4008 lux
1047 3955 1129 4009 huius
1142 3957 1271 4024 regionis,
1284 3957 1325 4010 sal
1341 3962 1423 4020 terre,

197 4052 246 4089 vas
257 4053 371 4090 aureum
383 4044 410 4092 et
421 4045 599 4106 argenteum3
612 4055 664 4106 ego
680 4044 772 4091 autem
790 4039 921 4106 spelunca
937 4038 1123 4101 tenebrarum,
1137 4056 1184 4093 vas
1201 4046 1326 4104 testeum,
1346 4038 1426 4093 futile

198 4124 227 4170 et
238 4117 355 4172 faciliter
365 4119 521 4186 frangibile.
532 4119 679 4174 Vobiscum
692 4120 781 4172 oritur
793 4124 819 4171 ct
830 4118 931 4171 occidit
945 4118 985 4171 sol
1003 4117 1110 4172 iusticie
1128 4121 1275 4187 lumenque
1291 4120 1425 4183 veritatis,

199 4216 308 4254 mecum
328 4216 392 4254 vero
414 4201 515 4256 residet
532 4219 586 4256 nos
606 4201 762 4268 ignorantie
785 4204 885 4266 aerque
905 4198 1085 4266 caliginosus3
1104 4202 1221 4268 denique
1241 4208 1315 4256 terra
1337 4208 1427 4256 vestra

200 4283 302 4351 cespite
313 4283 430 4337 fecundo
441 4284 573 4337 dominici
583 4283 695 4337 seminis
706 4282 854 4350 puritatem
864 4287 979 4335 centeno
997 4283 1082 4336 refert
1097 4284 1204 4350 fructu3
1223 4301 1285 4339 mea
1296 4301 1361 4338 vero
1373 4284 1427 4338 heu

203 4366 302 4418 obrute
313 4365 392 4418 fulcis
403 4367 499 4434 pocius
515 4366 611 4419 lolium
623 4371 671 4418 aut
682 4365 795 4419 ordeum
807 4363 946 4432 germinat
963 4380 1012 4430 pro
1024 4365 1170 4420 frumento.
1184 4366 1287 4421 Verum
1304 4366 1358 4432 hijs
1369 4383 1429 4434 pre·

202 4446 344 4512 termissis,
357 4453 389 4501 ut
399 4452 523 4515 suspecta
536 4448 683 4502 assentatio
695 4446 792 4515 procul
803 4445 883 4510 absit,
896 4446 929 4498 ad
947 4450 1038 4500 restra
1055 4447 1169 4516 egregia
1184 4448 1286 4518 scripta
1299 4446 1429 4502 accedere

204 4530 354 4600 compellor
366 4548 420 4587 non
432 4531 527 4599 utique
536 4530 587 4586 illa
597 4530 783 4599 approbando,
795 4534 878 4599 prout
887 4543 938 4584 nec
949 4525 1037 4596 decet,
1048 4531 1095 4585 sed
1107 4530 1361 4597 recommendandc,
1371 4546 1427 4586 non

1247 4647 1280 4700 27
