3194 5408
616 501 717 556 ANNO
737 505 813 557 1233
1302 511 1332 562 91

75 645 170 714 1911
193 646 258 714 199
273 647 423 735 ketterij,
442 647 494 715 die
510 648 618 715 schier
634 650 703 717 niet
718 650 768 717 911
784 655 817 717 19
833 651 943 718 999199
960 651 1000 730 19,
1019 650 1163 719 cauden
1186 649 1250 736 dag
1266 655 1333 717 met

74 750 178 817 hare
205 752 361 838 gebeima
384 751 643 841 bijeenkumsten
668 775 708 820 en
725 754 806 821 hare
830 756 962 822 valsche
986 754 1144 822 leeruars.
1163 753 1270 821 Reeds
1288 750 1339 818 nu'

76 854 189 922 heeft
218 854 273 921 die
302 863 373 942 pest
401 857 472 924 zich
499 855 649 923 verbreid
673 877 752 923 over
775 859 815 924 19
838 859 1031 945 geestclijke
1056 858 1242 944 provincitin
1267 877 1333 924 van

77 959 264 1045 Bourges‚
292 961 439 1038 1199999,
467 961 570 1026 Tours
594 981 634 1026 en
658 960 750 1040 Sene,
778 982 858 1027 over
880 962 996 1048 geheel
1022 961 1230 1028 Vlaanderen
1255 961 1333 1046 (999

78 1067 206 1129 totam
224 1063 332 1130 etiam
347 1063 568 1151 1199191999)
584 1084 624 1129 99
643 1083 722 1130 over
738 1064 860 1130 andere
877 1065 1035 1151 naburige
1052 1064 1169 1131 landen
1189 1085 1253 1130 van
1275 1064 1332 1129 het

77 1163 296 1253 koninkrijk
312 1165 501 1252 Frankrijk.
521 1168 566 1233 Dc
590 1165 717 1233 letters
741 1166 876 1234 starker
902 1168 1059 1234 91199199
1082 1188 1122 1233 99
1141 1165 1263 1254 wijken
1284 1165 1334 1232 uit

79 1289 183 1335 naar
199 1269 325 1336 andere
344 1274 526 1354 genesten,
544 1270 595 1336 als
618 1271 659 1358 zij
684 1290 804 1357 ergens
821 1276 1013 1339 verontrust
1029 1271 1175 1336 worden.
1195 1271 1333 1336 Daarom

17 1414 24 1421 -
79 1372 144 1438 991
159 1370 924 1460 1999199119199199919119919999911999191
933 1380 999 1441 met
1011 1395 1114 1441 eenen
1127 1394 1189 1439 van
1202 1371 1329 1451 beiden,

80 1475 123 1542 in
138 1475 285 1559 overlog
300 1481 366 1542 met
382 1475 422 1542 19
437 1474 666 1562 bisschoppen,
685 1477 718 1544 in
736 1478 776 1544 de
789 1477 976 1544 voormelde
989 1478 1060 1544 stad
1079 1480 1126 1545 La
1141 1473 1275 1544 Charite'
1291 1496 1333 1541 en

81 1579 122 1646 in
140 1578 180 1644 al
197 1578 241 1644 de
257 1578 461 1665 omliggende
478 1580 678 1665 9991199119,
696 1600 777 1646 9999
793 1581 860 1647 1911
873 1581 977 1668 zijner
989 1601 1147 1666 vroegere
1165 1579 1333 1664 inquisito·

79 1682 182 1748 riale
198 1681 381 1748 commissis
396 1702 438 1748 cn
454 1682 514 1749 der
529 1683 711 1770 pauselijke
727 1686 875 1751 91919199
893 1691 992 1770 tegen
1005 1684 1044 1749 19
1061 1683 1201 1763 1911999,
1220 1684 1333 1749 19999

83 1785 305 1852 leerstelsels
325 1785 727 1873 ijverigouderdruklren,
747 1807 804 1853 999
829 1788 948 1874 noodig
969 1794 1035 1854 met
1054 1785 1173 1872 behulp
1190 1807 1251 1852 vau
1270 1786 1333 1851 199

84 1887 330 1976 wereldlijken
358 1909 445 1956 arm.
475 1889 673 1976 Geestelijke
702 1911 880 1968 99999999,
911 1889 1072 1956 banvloek
1100 1910 1141 1954 99
1169 1888 1332 1974 kerkelijk

85 1991 257 2059 interdict
284 2011 401 2077 mogen
425 1992 560 2059 1999199
587 1992 744 2079 gebruikt
770 1994 919 2061 worden.
950 1995 995 2060 De
1028 1990 1333 2060 berouwhebbende

85 2094 232 2162 ketters
255 2094 363 2161 zullen
387 2100 454 2162 met
478 2095 518 2162 de
541 2097 633 2163 Kerk
650 2098 812 2163 verzoend
831 2097 966 2163 ivorden
991 2098 1024 2162 in
1046 2096 1180 2181 overleg
1204 2099 1271 2161 met
1293 2095 1333 2161 de

84 2197 268 2284 bevoegde
290 2196 518 2285 bisschoppem
539 2201 612 2267 Aan
637 2200 733 2266 alwio
756 2207 807 2266 tot
831 2199 871 2267 de
888 2199 1104 2287 predilringeu
1122 2199 1180 2264 der
1198 2197 1332 2282 inquisi-

85 2308 195 2370 teurs
212 2303 331 2368 komcn
347 2303 398 2369 991
422 2323 462 2369 99
484 2304 553 2370 199
571 2302 715 2392 bijstand
732 2305 781 2370 991
800 2304 990 2383 99199999,
1016 2303 1150 2370 worden
1167 2302 1211 2368 20
1227 2303 1332 2388 dagen

86 2405 201 2474 aflaat
218 2405 410 2492 toegezegd.

124 2559 284 2629 Gregorius
294 2559 444 2628 episcopus,
457 2577 551 2614 servus
567 2577 708 2614 servorum
725 2559 784 2623 Dei,
797 2559 896 2614 dilecto
913 2559 971 2613 11119
989 2558 1067 2613 fratri
1087 2558 1208 2612 Robcrto
1226 2556 1331 2612 ordinis

86 2644 219 2697 fratrum
232 2640 460 2710 praedicatorum,
473 2643 588 2696 salutem
600 2646 627 2697 91
638 2643 814 2710 apostolicam
826 2641 1052 2697 benedictionem.

42 2770 51 2779 .
125 2725 290 2780 Gaudemus
306 2725 337 2778 in
354 2725 469 2779 Domino
486 2730 513 2780 91
530 2724 559 2777 19
571 2724 692 2792 potentia
703 2725 814 2780 virtutis
830 2727 899 2795 ejus,
912 2724 955 2779 illi
972 2742 989 2778 9
1007 2741 1061 2791 999
1081 2727 1121 2778 991
1138 2741 1218 2778 omne
1238 2724 1332 2777 datum

86 2806 235 2877 optimum
256 2811 284 2861 91
300 2824 381 2861 omne
396 2808 499 2861 douram
516 2809 674 2875 perfectum,
697 2808 791 2862 laudes
810 2811 926 2876 9999199
946 2825 1087 2875 possumus
1104 2812 1132 2861 91
1151 2806 1255 2874 gratias
1265 2807 1332 2860 refe

86 2892 199 2949 999199,
219 2886 291 2954 9991
308 2886 380 2942 sicut
398 2905 432 2942 ex
447 2892 599 2942 vestrarum
617 2887 800 2943 intelleximus
816 2887 984 2943 continentia
1002 2888 1165 2949 litterarum.
1178 2888 1224 2956 pia
1244 2893 1333 2943 999199

85 2967 215 3024 ecclesia
227 2972 313 3035 potest
324 2969 368 3023 his
379 2969 474 3025 diebus
485 2988 517 3024 99
530 2972 608 3025 19191
624 2971 722 3024 meritc
740 2972 912 3039 congaudere
924 2988 957 3024 ea
974 2971 1119 3038 praecipue
1131 2971 1246 3032 ratione,
1259 2971 1332 3037 9991

86 3050 256 3104 haereticae
266 3053 374 3106 macula
385 3053 536 3119 pravitatis,
550 3069 620 3120 9999
637 3051 760 3106 homines
772 3052 895 3106 infinitos
905 3069 954 3120 per
965 3052 1055 3105 varias
1064 3051 1189 3120 regiones
1201 3051 1333 3106 infecerat

87 3132 269 3199 abantiquo,
283 3132 312 3187 in
328 3136 435 3189 occulto
453 3153 575 3189 crescens
591 3135 698 3189 assidue
718 3140 745 3188 91
765 3153 835 3201 9999
851 3134 1045 3188 damnabiliter
1055 3152 1163 3201 serpere
1181 3135 1284 3188 solebat
1301 3139 1332 3188 91

89 3233 209 3278 cancer,
228 3233 277 3283 per
294 3218 343 3271 Dei
360 3219 477 3286 gratiam
502 3218 728 3286 inpresentiarum
747 3219 910 3273 mirabiliter
921 3219 1020 3287 detegi,
1034 3223 1062 3272 ct
1078 3235 1147 3283 9999
1166 3216 1333 3283 temporibus

90 3297 245 3353 9919999119
256 3299 285 3351 19
296 3301 416 3355 tenebris
426 3302 574 3364 latitarent,
583 3304 643 3368 jam
660 3300 799 3369 coeperint
811 3301 869 3354 lieri
888 3301 1039 3363 manifesta,
1054 3300 1125 3353 unde
1137 3298 1184 3364 qui
1200 3298 1333 3352 hactenus

90 3379 304 3447 incorrigibiles
312 3383 469 3447 extiterunt,
480 3383 654 3437 reconciliari
667 3383 718 3436 rite
736 3387 861 3450 poterunt
880 3382 1009 3435 ecelesiae
1023 3382 1131 3446 unitati,
1145 3381 1193 3433 alii
1205 3398 1270 3435 vcro
1283 3400 1332 3450 999

91 3462 232 3518 facinoris
252 3462 384 3531 999111919
405 3461 520 3532 paenam
540 3465 657 3520 debitam
679 3469 835 3532 reportare3
857 3463 1013 3518 cumcuim
1035 3482 1082 3517 nos
1102 3465 1204 3517 dudum
1226 3464 1332 3517 dilectis

92 3548 165 3602 filiis
177 3547 265 3615 priori
278 3548 422 3603 Bisuntiuo
434 3554 461 3603 et
472 3549 551 3603 fratri
564 3548 700 3603 Wallerio
712 3549 745 3602 19
763 3546 859 3601 991199
870 3548 986 3601 fratrum
1006 3548 1223 3614 praedicatorum
1236 3563 1268 3598 uc
1280 3545 1331 3600 tibi

93 3629 200 3684 nostris
211 3630 377 3684 dedissemus
389 3631 475 3684 literis
487 3632 514 3684 in
525 3631 668 3691 mandatis,
682 3631 754 3697 9991
772 3630 800 3683 19
819 3629 981 3697 Burgundia
999 3646 1081 3696 super
1092 3627 1207 3681 crimine
1218 3644 1331 3694 999999-

93 3718 156 3767 1919
174 3712 227 3765 991
244 3719 319 3766 99919
335 3715 423 3767 forma
440 3731 503 3766 cum
521 3713 587 3780 ipsis
603 3712 792 3781 praequireres
809 3712 934 3778 diligenti
953 3710 1125 3765 solicitudine
1137 3709 1288 3773 veritatem,
1302 3714 1331 3763 tu

94 3793 201 3863 prioris
214 3793 299 3860 ipsius
307 3811 389 3862 super
399 3794 442 3848 his
453 3795 526 3849 91999
537 3796 662 3862 fungens,
677 3812 710 3848 nc
722 3794 846 3861 injuncto
857 3795 908 3848 tibi
921 3793 1010 3847 officio
1021 3793 1178 3860 exequendo
1190 3790 1333 3859 negligens

94 3892 255 3945 appareres,
262 3877 297 3930 91
308 3876 403 3929 villam
413 3876 590 3939 charitatem,
598 3876 840 3931 Autissiodorensis
851 3875 983 3938 dioecesis,
995 3876 1028 3928 dc
1040 3873 1206 3941 praescripto
1218 3872 1332 3940 pessime

96 3961 262 4014 infamatam
274 3959 351 4022 vitio,
364 3960 509 4022 accessisti,
523 3960 616 4028 ibique
628 3976 779 4026 proponens
796 3977 828 4012 ac
841 3959 1000 4026 praedicans
1017 3955 1169 4010 doctrinam
1181 3955 1332 4008 catholicae

95 4059 130 4095 ac
142 4040 320 4109 evangelicae
330 4040 452 4095 veritatis
463 4041 628 4095 habitatores
640 4042 768 4108 ejusdem,
781 4046 810 4095 91
822 4058 931 4108 prorsus
943 4037 1098 4109 hujusmodi
1111 4036 1178 4090 vitio
1190 4037 1222 4088 19
1235 4035 1331 4089 relicto

96 4123 223 4178 redirent
234 4123 269 4176 ad
281 4123 445 4177 catholicam
457 4123 588 4177 unitatem
601 4122 705 4176 solicite
717 4140 826 4176 monere
838 4123 954 4187 curasti3
969 4142 1022 4190 999
1035 4128 1143 4189 peracto
1155 4121 1329 4188 9999919999

96 4223 130 4259 ex
143 4204 193 4268 e'ui,
207 4205 315 4258 favente
328 4205 386 4267 illo,
399 4205 445 4271 qui
464 4223 517 4259 non
530 4206 589 4258 vult
600 4209 714 4258 mortem
728 4205 885 4271 peccatoris,
905 4206 951 4258 sed
963 4205 1053 4272 petius
1076 4209 1106 4258 ut
1118 4207 1293 4256 eonvertatur
1304 4207 1331 4256 ct

97 4288 184 4350 vivat,
199 4286 311 4353 quidam
329 4305 345 4340 a
363 4294 388 4340 19
405 4287 560 4354 specialiter
571 4287 684 4348 evocati,
705 4286 815 4350 9911999
833 4288 975 4341 vocatione
992 4293 1040 4339 199
1056 4286 1168 4339 minime
1180 4289 1329 4352 expectata,

98 4370 227 4424 nonnulli
240 4370 321 4423 etiam
334 4388 402 4437 qtrcs
413 4388 510 4424 vocare
523 4371 677 4424 nullatcnus
694 4371 851 4425 intendebas
875 4375 967 4437 utpote
980 4388 1032 4422 999
1045 4375 1189 4436 suspectos,
1203 4369 1237 4420 ad
1255 4373 1330 4420 tuam

97 4451 283 4520 praesentiam
306 4453 464 4506 accedentes
485 4469 617 4519 generum
646 4453 747 4519 species
769 4452 940 4506 divorsorum
963 4457 989 4505 et
1018 4450 1198 4518 plurimarum
1229 4467 1330 4517 genera

97 4533 253 4603 speeiemrm
271 4533 410 4601 praemissi
429 4535 538 4590 99919919
555 4538 583 4589 91
599 4534 708 4598 erroris,
728 4534 826 4602 quibus
847 4536 956 4590 fuerant-
975 4534 1123 4589 enormiter
1139 4530 1265 4594 involuti,
1278 4530 1329 4585 tibi
