3194 5408
536 538 636 592 ANNO
655 541 740 600 1203,
760 541 835 592 1208
1268 542 1301 591 03

69 672 98 725 in
110 671 303 726 remissionem
313 673 435 728 omnium
445 679 617 742 peecatorum
627 681 778 730 vestrorum
787 676 856 729 illud
865 675 1008 743 negocium
1018 678 1168 732 assumatis.
1179 701 1191 722 n
1201 707 1234 717 -
1245 701 1258 721 u
1267 679 1302 732 Et

67 773 121 824 ego
133 773 206 825 rogo
216 773 266 811 vos
279 761 310 810 nt
322 775 493 826 nequaquam
505 776 548 813 me
560 760 592 813 de
604 760 655 813 hoc
667 760 783 814 ulterius
794 760 922 828 fatigetis.
938 784 950 805 n
967 760 1033 814 Mox
1044 759 1174 827 magister
1184 759 1301 814 Jacobus

67 841 199 908 grauiter
210 846 364 896 commotus
380 841 408 895 in
425 842 507 895 corde
526 846 554 895 61
570 843 723 908 ferensque
740 843 774 895 ad
792 842 918 895 lacrimas
936 842 1064 909 fatigatus
1076 843 1115 897 ait
1131 843 1189 895 ilii:
1205 867 1217 885 u
1233 844 1301 897 Cum

69 922 168 990 utique
178 925 265 990 digne
276 941 380 990 possem
392 941 440 976 666
457 924 691 976 excommunicare
703 923 865 977 auctoritate
877 925 1019 978 commissa
1035 930 1062 979 61
1078 925 1152 979 omni
1170 927 1301 980 beneficio

68 1004 125 1057 iam
144 1006 260 1072 priuare
276 1023 325 1073 per
341 1005 557 1059 inobedieuciam
577 1011 773 1069 contumacem,
792 1008 853 1060 nolo
870 1012 961 1061 tamen
979 1026 1012 1061 ne
1028 1026 1178 1077 grauamen
1195 1013 1301 1063 tantum

68 1088 201 1155 ingerere
213 1087 309 1141 videar
319 1092 395 1142 tanto
407 1088 476 1141 viro.
488 1089 566 1156 Rogo
578 1093 669 1142 tamen
679 1089 775 1151 Deum,
787 1089 834 1156 qui
846 1089 967 1142 omnium
979 1091 1092 1144 eonium
1103 1098 1144 1146 est
1154 1093 1299 1160 inspector,

67 1177 210 1239 quatenus
221 1171 317 1225 reddat
333 1187 381 1224 666
391 1187 447 1223 666
464 1171 552 1223 solum
568 1171 603 1225 ad
620 1170 692 1225 istud
704 1171 776 1238 quod
793 1170 928 1238 spernitis,
939 1172 986 1225 sed
1003 1189 1112 1240 promus
1129 1175 1255 1230 inutilem
1267 1177 1302 1229 ad

67 1272 153 1310 omne
163 1272 244 1323 opus.
259 1253 358 1309 *Mira
370 1270 430 1308 res:
452 1271 515 1308 mox
526 1255 561 1308 ad
573 1255 624 1309 hee
634 1256 718 1309 verba
730 1259 827 1323 quarta
847 1255 930 1310 febris
944 1273 1007 1310 eum
1025 1273 1087 1310 cum
1105 1258 1181 1310 fluxu
1198 1258 1302 1312 uentris

67 1337 319 1405 16666116166666
337 1337 374 1390 ad
393 1337 476 1390 finem
495 1336 616 1391 6116666
636 1354 685 1404 per
703 1336 803 1405 viginti
824 1336 944 1404 quinque
963 1354 1048 1392 annos
1064 1338 1303 1395 immediabiliter

66 1419 214 1488 fatigauit.
227 1420 264 1474 Et
273 1418 338 1474 audi
350 1419 437 1472 lector
447 1419 549 1472 mirum
560 1418 611 1472 Dei
622 1418 755 1472 iudicium
766 1419 801 1474 (16
811 1418 864 1473 hoc
874 1419 935 1473 viro
946 1436 1009 1473 cum
1019 1420 1082 1474 talis
1093 1425 1121 1476 et
1132 1425 1223 1476 tantus
1234 1426 1303 1477 esset

66 1505 99 1556 nt
116 1500 146 1555 ei
165 1501 301 1556 Dominus
311 1502 389 1556 Jesus
408 1501 541 1566 Christus,
554 1501 626 1556 sicut
642 1519 691 1569 per
707 1503 819 1556 fratrem
836 1501 965 1570 Egidium
981 1502 1086 1557 ordinis
1102 1504 1301 1571 predicatorum

66 1582 97 1636 in
109 1583 252 1638 Gandeuo
262 1582 441 1652 pencepimus,
454 1588 519 1638 ante
529 1587 643 1638 mortem
657 1583 735 1651 quasi
746 1587 872 1637 recenter
882 1586 1008 1638 extensus
1019 1583 1048 1637 in
1060 1602 1141 1638 cruce
1158 1585 1303 1642 visibiliter

67 1669 221 1733 appareret
236 1670 265 1720 et
282 1683 345 1721 eum
356 1672 420 1722 ante
431 1667 513 1722 finem
529 1666 629 1721 mensis
648 1667 765 1735 Augusti
780 1665 932 1734 prediceret
942 1665 1114 1721 moriturum.
1128 1669 1211 1722 Nullo
1222 1670 1303 1724 modo

66 1751 165 1803 tarsen
176 1749 311 1804 Dominus
327 1749 370 1803 illi
388 1750 419 1804 in
435 1750 489 1805 hae
507 1749 564 1805 uita
581 1765 693 1818 parcere
704 1748 799 1813 voluit,
813 1748 859 1816 qni
877 1765 940 1802 eum
959 1766 1010 1817 pro
1027 1749 1210 1806 inobedientia
1226 1755 1302 1807 tanto

10 1820 13 1827 ¹
68 1830 166 1897 spacio
177 1832 310 1900 temporis
320 1834 481 1903 flagellaret.

339 1950 459 2005 Thomas
476 1948 697 2018 Cantipratensis,
719 1948 830 2003 Bonum
852 1947 1011 2002 universale
1030 1947 1064 2002 de
1075 1949 1191 2019 Apibus
1205 1951 1264 2006 Lib.
1278 1950 1300 2018 1,

371 2051 430 2102 cap.
445 2039 486 2098 22,
499 2034 529 2088 in
541 2035 603 2090 tine.

657 2201 718 2277 66.
748 2291 749 2295 ¹

117 2393 229 2471 1203,
247 2396 531 2466 6666661616.
551 2364 731 2467 Uittreksel
749 2401 796 2468 uit
807 2400 846 2466 de
861 2399 1133 2490 bisschoppelijke
1149 2405 1295 2472 statuten
1403 2430 1412 2444 ⁸

67 2519 137 2564 ran
154 2498 236 2564 Luik
249 2520 329 2566 6666
340 2501 380 2566 (16
392 2503 613 2588 verplichting
625 2523 676 2569 om
688 2504 752 2570 alle
765 2504 943 2573 Waalsche
956 2503 992 2570 61
995 2505 1148 2573 Dietscho
1157 2506 1294 2588 boetem

66 2600 282 2668 handelende
298 2623 378 2670 6666
399 2604 439 2671 (16
467 2606 509 2672 H.
539 2605 672 2684 schrift.
693 2608 740 2675 uit
756 2611 789 2674 te
816 2608 948 2675 1666666
965 2628 1028 2674 aan
1055 2609 1118 2675 den
1134 2609 1297 2696 bisschop,
1367 2637 1373 2643 ·

69 2705 184 2771 welke
200 2705 326 2792 degens
348 2709 398 2774 zat
416 2716 631 2796 teruggeven,
651 2711 802 2778 dienaar
818 2711 884 2800 zijn
901 2711 1007 2778 inzien
1036 2713 1172 2781 kunnen
1187 2718 1300 2801 terug-

66 2829 225 2896 gegeven
242 2810 388 2877 worden.

104 2970 213 3022 Omnes
233 2969 306 3033 libri,
320 2969 443 3024 Romane
462 2972 505 3026 vel
523 2973 669 3027 Teotonice
687 2972 781 3041 scripti
799 2974 832 3028 de
850 2973 955 3028 Divinis
974 2973 1125 3042 scripturis,
1144 2975 1173 3029 in
1190 2993 1301 3030 manum
1319 3021 1321 3023 .

65 3050 196 3119 episcopi
209 3051 362 3117 tradantur,
375 3057 402 3107 et
413 3052 470 3121 ipse
481 3072 548 3123 quos
559 3054 658 3109 viderit
669 3055 826 3120 reddendos,
839 3057 943 3110 reddat.

342 3169 427 3222 Liber
444 3178 587 3224 certamem
605 3170 726 3224 Ecclesie
742 3171 914 3236 Laodicenis,
933 3173 979 3226 fol.
1000 3175 1056 3235 180,
1078 3172 1247 3240 aangehaald
1265 3175 1301 3240 bij

375 3253 453 3306 Ferd.
468 3252 591 3317 Henaux,
605 3253 729 3306 Histoire
741 3254 778 3306 du
792 3254 870 3321 Poys
883 3257 917 3307 de
928 3254 1021 3322 Lidqe,
1034 3258 1062 3308 3θ
1075 3253 1194 3321 uitgave,
1204 3255 1263 3309 deel
1279 3256 1300 3320 Ι,

374 3337 424 3389 blz.
438 3340 495 3400 201,
509 3342 574 3391 6661
585 3342 609 3390 2.

659 3523 724 3598 64.

120 3718 231 3791 1208,
248 3718 360 3803 April,
379 3720 423 3785 19
440 3719 704 3786 1616666606]
722 3739 787 3785 van
805 3720 1015 3787 Innocentius
1030 3721 1078 3785 III
1094 3723 1143 3787 tot
1166 3719 1303 3809 (116061-

65 3821 155 3910 fus),
186 3819 338 3906 bisschop
355 3842 420 3888 van
443 3824 595 3904 Atreeht,
623 3822 750 3908 gericht
780 3844 858 3889 over
874 3823 913 3889 de
942 3824 1150 3890 woekeraars
1168 3845 1208 3890 en
1226 3845 1304 3892 6666

65 3946 183 3993 66666
200 3924 413 3991 ketterschen
442 3926 657 4012 priestervan
673 3927 738 4014 zijn
755 3927 918 4014 kerkeiijk
936 3926 1063 4013 gebied.
1096 3961 1134 3976 —-
1158 3929 1244 3993 Daar
1268 3949 1304 3992 er

64 4027 251 4097 ontelbare
268 4028 475 4095 woekeraars
493 4030 597 4097 indat
613 4030 737 4097 bisdom
754 4031 833 4118 sija,
849 4032 915 4097 laat
931 4031 977 4118 hij
996 4031 1059 4096 den
1075 4029 1225 4116 bisschop
1251 4035 1304 4097 166

66 4137 111 4201 (16
125 4131 424 4218 veroonleelingen
441 4154 506 4200 van
522 4136 545 4198 ’1
562 4135 785 4202 Lateraansch
798 4135 938 4200 Concilie
955 4155 995 4219 op
1018 4134 1083 4200 hen
1101 4135 1222 4200 slechts
1241 4139 1305 4200 met

65 4241 111 4305 de
157 4240 306 4322 grootste
334 4236 506 4302 zaehtheid
534 4242 644 4304 16616
676 4258 810 4322 passen;
844 4258 934 4302 rnaar
971 4239 1010 4302 (16
1038 4236 1188 4321 bisschop
1218 4243 1305 4303 meet

65 4341 236 4429 opnienw
252 4341 285 4405 in
301 4340 364 4405 den
388 4339 510 4406 kerker
526 4340 608 4405 doen
626 4361 760 4426 werpen
774 4341 836 4406 den
852 4340 1064 4406 ketterschen
1080 4340 1234 4425 priester,
1255 4340 1305 4404 die

65 4449 159 4514 door
171 4443 237 4509 den
254 4442 390 4528 rorigen
407 4442 557 4530 bisschop
576 4447 624 4510 als
638 4445 796 4529 noodanig
809 4444 996 4528 gedorenda
1009 4465 1112 4509 neven
1126 4445 1222 4531 jaren
1236 4463 1305 4508 was

64 4566 255 4638 gevangen
272 4546 444 4631 gehouden
472 4567 513 4613 en
537 4546 611 4614 dien
628 4547 687 4635 hij,
710 4548 773 4635 zijn
800 4549 968 4632 opvolger,
984 4548 1032 4614 uit
1062 4546 1254 4634 medelijden
1272 4546 1304 4611 in
