3194 5408
600 533 700 590 ΑΝΝΟ
720 536 796 589 1238

654 752 740 820 115.

118 937 238 1017 1238,
259 937 455 1024 September
469 935 529 1019 21,
552 943 660 1007 Tener.
679 940 861 1007 Uittreksel
877 941 925 1006 uit
941 939 981 1005 de
1001 938 1153 1007 Oenones
1169 959 1233 1005 van
1250 941 1308 1006 het

10 1118 12 1125 y
64 1041 287 1128 provinciaal
304 1041 438 1107 concilio
458 1062 523 1108 van
551 1043 645 1108 Trier
662 1063 740 1108 over
756 1043 814 1109 het
828 1043 1007 1128 verrolgen
1024 1042 1082 1109 der
1109 1043 1246 1108 ketters.
1267 1078 1309 1087 -

61 1143 117 1210 De
128 1141 362 1230 geestelijkan
378 1164 419 1208 en
436 1143 551 1209 leeken
568 1165 630 1210 van
648 1145 705 1211 het
718 1144 934 1212 aartsbisdom
952 1149 1079 1211 moeten
1104 1145 1168 1210 alle
1184 1143 1310 1209 ketters

10 1264 13 1341 ζ
61 1244 108 1313 oi
117 1246 351 1312 toehocrders
367 1244 425 1312 der
439 1246 568 1314 kettena
579 1247 621 1334 bij
648 1248 783 1315 hunnen
812 1249 940 1334 prelaat
954 1248 1152 1332 aanklagen.
1172 1246 1219 1331 Op
1235 1267 1312 1311 zon-

60 1368 112 1416 66
129 1347 336 1434 feestdagen
352 1356 437 1416 most
462 1349 684 1436 asgekondigd
711 1351 859 1430 worden,
878 1351 934 1419 dat
962 1350 1002 1416 de
1026 1349 1152 1416 ketters
1182 1352 1249 1414 met
1279 1346 1311 1413 al

10 1450 12 1455 ’
59 1450 196 1521 hanna
210 1453 425 1540 aanhangers
441 1456 474 1524 in
491 1455 554 1523 den
570 1454 633 1523 ban
647 1457 705 1523 der
717 1457 809 1524 Kerk
828 1457 906 1543 zijn.

96 1640 195 1694 Anno
222 1638 336 1693 Domini
360 1639 585 1696 mccxxxvnl
609 1641 639 1695 in
664 1643 732 1697 festo
757 1642 829 1696 beati
851 1640 984 1696 Matthaei
1007 1641 1122 1708 apostoli
1144 1641 1173 1695 in
1196 1639 1307 1696 civitate

57 1720 244 1779 hannani
263 1720 295 1776 in
316 1721 430 1776 ecelesia
451 1724 550 1793 majori
572 1725 738 1780 celebratum
761 1729 801 1779 est
823 1724 978 1789 concilium,
997 1724 1177 1778 residentibus
1198 1724 1308 1778 domiuo

57 1803 267 1868 Theoderico,
281 1803 458 1860 Trevirorum
469 1805 680 1875 archiepiscopo,
693 1811 721 1861 et
729 1807 884 1862 reverendis
895 1806 924 1860 iu
937 1806 1044 1861 Christo
1055 1805 1178 1874 patribus
1188 1805 1307 1861 Rodulfo

58 1884 262 1949 Vmiunensi,
272 1885 398 1941 Iohanne
405 1888 528 1953 Metansi,
539 1888 649 1958 Rogero
659 1889 780 1943 Tullensi
789 1888 934 1957 episcopis3
944 1886 1046 1944 ethaeo
1056 1893 1157 1943 statuta
1165 1888 1306 1942 concilii...

98 1967 224 2023 xxxi.
256 1967 295 2024 Ut
319 1969 472 2025 haereticae
496 1972 672 2038 pestilentiae,
696 1988 766 2039 quac
788 1972 893 2026 radices
917 1974 976 2040 jam
1002 1971 1086 2026 mittit
1114 1972 1144 2025 in
1168 1971 1309 2038 provincia

59 2048 253 2113 Tmirensi,
265 2050 341 2104 omni
357 2051 540 2108 sollicitufflne
556 2070 741 2117 occurramus,
754 2053 880 2107 omnibus
896 2053 1104 2117 archidiaconis,
1118 2052 1270 2121 pastoribus
1281 2057 1309 2107 et

56 2134 193 2188 vicariis
204 2149 314 2189 necnon
324 2139 353 2190 et
363 2135 425 2189 aliis
435 2141 491 2191 tam
503 2137 610 2191 clericis
626 2155 708 2205 quam
726 2138 803 2191 laicis
821 2142 928 2191 nostrae
940 2135 1126 2205 jurisdictioni
1138 2134 1266 2200 subjectis
1277 2118 1318 2186 iu'

55 2216 183 2271 visitate
191 2220 305 2271 sanctae
314 2217 483 2273 obedientiae
494 2219 683 2288 praecipimus,
694 2224 726 2273 ut
737 2219 900 2286 ubicumque
911 2219 1086 2272 inveniantur
1094 2218 1216 2271 doctores
1224 2216 1307 2284 hujus

55 2298 191 2353 66616ιῆ6
201 2299 250 2353 vel
260 2299 399 2353 auditores
409 2299 538 2366 ipsorum,
549 2302 584 2354 ad
595 2300 713 2369 episcopi
725 2300 900 2363 audientiam,
916 2318 950 2353 66
958 2317 1021 2354 oves
1030 2298 1139 2352 Domini
1151 2299 1207 2351 suis
1215 2315 1306 2365 super·

55 2381 242 2437 :titionibus
251 2380 377 2436 inficiant
387 2386 415 2436 et
426 2388 608 2451 corrumpant,
622 2383 831 2449 denuntientur;
844 2388 871 2437 et
882 2383 998 2452 singulis
1008 2383 1104 2436 diebus
1116 2381 1266 2435 Dominicis
1278 2386 1305 2435 et

55 2464 185 2519 festivis
200 2464 475 2520 excommunicentur
490 2465 630 2529 haeretici,
649 2465 795 2530 auditores,
816 2471 1004 2533 receptatores,
1023 2467 1142 2520 fautores
1159 2467 1186 2519 et
1203 2464 1244 2517 illi
1262 2463 1307 2532 qui

56 2564 114 2602 aas
126 2563 193 2602 non
205 2552 347 2612 accusant,
361 2564 423 2601 cum
434 2547 532 2604 sciunt.

348 2659 446 2724 Mansi,
458 2661 518 2716 deel
530 2661 634 2726 XXIII,
647 2661 697 2716 bia.
712 2666 769 2717 183.

654 2860 737 2927 116.

116 3047 239 3116 1238.
259 3048 439 3115 Uittreksel
456 3050 505 3116 uit
529 3050 569 3116 de
586 3049 803 3136 gelijktijdige
819 3048 952 3137 krouiJ'k
975 3070 1039 3116 van
1062 3050 1200 3118 broeder
1222 3052 1308 3119 Mat·

55 3154 203 3222 thaeus
216 3152 413 3219 Parisienais
425 3173 505 3219 over
520 3154 559 3219 de
572 3153 793 3237 handelingen
806 3173 869 3219 vau
883 3153 945 3219 den
963 3154 1156 3239 inquisiteur
1168 3154 1303 3235 Robert,

58 3254 297 3345 predikheer,
325 3254 531 3343 bijgenaamd
555 3255 686 3342 Buyre.
707 3294 750 3304 —-
772 3257 810 3321 In
838 3257 895 3323 het
918 3256 1031 3342 gebied
1059 3257 1117 3323 der
1140 3260 1306 3326 Fransche

57 3361 202 3437 kroon,
222 3359 335 3424 nooral
359 3361 393 3426 in
412 3360 631 3439 Vlaandereu,
651 3360 736 3425 nond
760 3358 897 3425 broeder
920 3360 1043 3428 Robert
1067 3362 1138 3428 veel
1165 3361 1303 3442 ketters,

56 3466 125 3532 die
153 3463 206 3549 hij
236 3466 303 3528 met
319 3461 359 3530 de
375 3462 454 3548 hulp
471 3483 533 3528 van
550 3463 611 3529 deu
630 3463 858 3551 wereldlijken
874 3484 944 3529 arm
965 3484 1004 3529 66
1021 3485 1084 3530 van
1103 3464 1165 3530 den
1181 3464 1306 3551 kouing

56 3588 140 3634 van
160 3565 346 3653 Frankrijk
363 3566 421 3632 liet
435 3566 652 3632 verbranden.
672 3568 755 3633 Deze
774 3567 967 3652 inquisiteur
983 3589 1052 3635 was
1068 3589 1127 3634 eeu
1144 3566 1303 3635 bekeerde

54 3672 206 3746 ketter,
223 3667 275 3734 die
288 3668 446 3736 daardoor
461 3690 536 3736 zeer
547 3669 699 3755 geschikt
710 3690 779 3737 was
793 3691 844 3735 om
860 3670 899 3736 de
916 3672 1105 3757 schuldigen
1122 3677 1156 3738 te
1172 3670 1300 3738 treffen.

54 3775 177 3842 Maar
192 3771 243 3858 hij
261 3771 390 3838 maakte
407 3771 564 3839 misbruik
581 3793 644 3839 van
661 3773 747 3860 ziJne
769 3773 1002 3858 inquisitoriale
1026 3774 1152 3854 macht3
1172 3775 1304 3841 daarom
1356 3811 1360 3817 ·

55 3875 175 3946 werd
191 3875 241 3961 hij
266 3874 344 3941 door
359 3874 422 3941 den
438 3896 519 3961 paus
535 3875 694 3961 afgesteld
715 3897 755 3942 66
781 3882 830 3944 tot
854 3898 933 3944 eene
955 3878 1166 3963 levenslange
1183 3899 1306 3964 geran-

54 3981 177 4071 genis
193 3977 408 4045 vercordeeld
421 3977 481 4068 (l).

94 4217 139 4284 (1)
161 4213 206 4267 De
224 4212 388 4280 pradikheer
405 4213 528 4281 Choquet
542 4213 645 4279 (Sancti
656 4214 750 4281 Belpii
767 4215 877 4267 ordinis
890 4214 1126 4282 praedicatorum,
1145 4216 1302 4269 61621266

51 4306 126 4369 27³)
139 4298 251 4354 vertelt
261 4297 440 4366 integendeel,
454 4299 501 4351 dat
511 4299 545 4352 de
557 4297 720 4365 inquisiteur
734 4297 845 4362 Robert,
860 4315 895 4351 na
912 4301 981 4364 zijne
992 4298 1174 4366 haudelingen
1192 4298 1222 4352 iu
1239 4316 1304 4352 onze

51 4385 198 4446 ,tr-eheu,
209 4382 265 4446 ziju
276 4381 351 4434 ambt
362 4380 392 4433 in
403 4380 632 4447 Zuid·Frankrijk
643 4381 796 4434 uitoefende
807 4398 841 4434 en
853 4398 883 4433 er
894 4381 966 4434 werd
979 4380 1108 4434 onthoofd
1119 4398 1153 4448 op
1162 4382 1240 4435 bevel
1251 4399 1304 4434 van

50 4472 118 4526 den
129 4465 226 4536 graaf
231 4480 285 4517 van
298 4463 442 4527 Toulouse,
455 4464 566 4530 waarbij
579 4480 629 4517 666
640 4462 756 4516 mirakcl
768 4480 816 4516 zon
829 4463 949 4531 gebeurd
958 4465 1024 4528 ziju:
1040 4484 1053 4506 u
1066 4464 1153 4517 Porro
1165 4465 1303 4530 praefatus

52 4553 94 4609 Ρ.
121 4550 282 4610 Rebertus,
305 4546 371 4601 dum
391 4545 534 4614 posteain
556 4545 744 4601 Tholosatium
773 4545 895 4613 partibus
923 4545 1038 4600 feliciter
1067 4564 1128 4602 cum
1156 4546 1301 4601 haereticis
