3194 5408
644 514 745 571 ANNO
764 516 839 570 lieo
1307 517 1356 570 ³49

157 670 223 736 ns,
237 652 290 720 die
300 655 342 744 aij
359 655 496 743 pliohtig
510 677 576 724 van
592 657 725 748 letterij
743 679 785 725 en
801 659 923 728 andere
938 678 1040 746 greve
1055 659 1240 747 misgrepen
1256 664 1355 748 tegen

157 761 186 823 rt
209 756 322 845 geloof
335 757 523 838 verklaren‚
538 759 620 827 daar
642 760 682 828 de
705 760 873 828 betiehten
889 762 981 828 zelve
997 761 1125 829 bekend
1142 761 1269 829 hebben
1287 769 1355 832 met

157 879 191 925 ιι
217 860 326 928 dunel
349 860 509 928 verkeerd
526 865 560 927 te
576 861 715 929 hebben.
735 902 781 913 -
802 864 998 931 Denisette’s
1015 865 1229 951 plichtigheid
1245 863 1356 933 werdt

157 960 344 1048 eedvoerig
365 963 525 1050 gestaafd.
550 965 714 1053 Eindelijk
738 965 847 1033 werdt
867 986 1023 1051 geweaen
1046 987 1086 1053 ep
1107 967 1165 1034 het
1183 966 1371 1035 veorbeeld·

157 1083 183 1128 ι·
205 1064 420 1146 stradeneis
444 1066 551 1132 elders
574 1079 673 1153 tegen
698 1068 844 1135 mindere
867 1068 1199 1137 duivelkunstenaars
1220 1070 1355 1137 werden

157 1169 377 1256 {gesproken
397 1168 552 1256 namelijk
563 1168 597 1236 in
614 1173 637 1238 ’t
652 1172 747 1257 geval
764 1192 828 1237 van
845 1192 947 1239 eenen
965 1172 1059 1252 smid,
1079 1172 1131 1239 die
1143 1172 1247 1259 zestig
1257 1175 1356 1262 jaren

157 1290 271 1359 oeger
284 1273 321 1339 in
336 1272 399 1340 den
413 1270 538 1338 kerker
549 1272 607 1339 der
621 1274 791 1360 Inquisitio
806 1274 898 1341 werd
915 1295 1093 1361 geworpen
1109 1295 1152 1343 en
1167 1295 1229 1342 een
1245 1281 1356 1362 getae-

157 1375 216 1441 nd
231 1376 329 1443 kleed
344 1382 449 1445 maest
465 1376 614 1465 dragen;
634 1398 676 1445 en
691 1399 756 1445 van
773 1379 899 1463 Redige
915 1378 953 1445 de
970 1378 1082 1459 Sense,
1097 1378 1149 1445 die
1164 1379 1199 1445 in
1217 1379 1303 1447 1426
1321 1384 1356 1447 te

157 1479 236 1567 rijs
247 1479 497 1568 ziJnedelingen
510 1486 614 1548 meast
625 1481 821 1568 herreepen,
832 1482 952 1549 uitalle
964 1480 1193 1550 ambtenwerd
1205 1483 1355 1570 gesloten

178 1602 267 1649 eene
283 1582 381 1650 reeks
397 1604 495 1651 verre
510 1583 730 1652 bedevaarten
747 1591 852 1653 meast
864 1584 1077 1672 velbrengon.

157 1734 269 1792 Zittera
279 1741 369 1793 misso
380 1755 399 1792 a
410 1738 515 1793 desarw
528 1739 722 1794 cameracensi
734 1747 759 1793 et
770 1738 885 1808 officiali
896 1740 935 1793 ed
952 1739 1081 1793 domines
1097 1743 1219 1796 amorim
1231 1741 1354 1796 Amabo·

157 1834 217 1873 tea
226 1828 350 1889 tempora
356 1824 560 1890 persecutionis
578 1822 759 1875 Valdentium
769 1825 800 1873 in
811 1822 961 1875 Attrebote.

157 1901 336 1971 tuperfluum
352 1903 442 1958 visum
462 1907 503 1958 est
519 1903 606 1968 nobis,
625 1905 729 1958 domini
746 1904 914 1958 venerabiles
930 1909 1011 1972 atque
1030 1904 1187 1970 doctissimi,
1206 1904 1311 1973 aliquid
1321 1907 1355 1960 de

157 1988 223 2040 tna
232 1986 365 2042 tenuitate
375 1985 504 2041 seriosius
515 1993 641 2055 expetere
653 1987 682 2041 in
693 1989 775 2041 rebus
786 1988 819 2041 de
831 1987 929 2055 quibus
940 1987 1093 2056 scripsistis.
1108 1988 1212 2056 eogitis
1221 1988 1294 2042 anim
1306 2006 1355 2043 nos

157 2065 341 2124 ibusiuuare
351 2069 445 2134 selem,
459 2068 489 2122 in
506 2069 605 2123 siluam
617 2071 689 2123 terre
705 2070 783 2138 ligna
793 2086 931 2136 aquasque
948 2070 984 2123 ad
1000 2087 1075 2124 mare
1092 2075 1278 2138 compertam
1290 2088 1353 2125 cum

157 2163 205 2203 31
217 2167 262 2205 vos
278 2153 334 2207 sint
351 2152 406 2208 viri
423 2153 520 2208 famosi
538 2158 566 2208 et
582 2154 716 2222 sapientes
727 2153 869 2220 utriusque
886 2154 963 2218 iuris,
978 2152 1067 2207 diuini
1077 2153 1182 2207 scilicet
1197 2157 1225 2207 et
1240 2154 1353 2208 humani

157 2228 283 2288 'itiasimi
293 2252 301 2301 3
314 2239 406 2290 tamur
417 2240 556 2303 utcunque
567 2236 663 2291 restris
674 2235 868 2291 satisfacientes
879 2236 1019 2302 desiderljs
1031 2252 1085 2289 nen
1097 2239 1128 2289 ut
1138 2236 1242 2303 aliquid
1253 2236 1352 2304 imper

157 2312 356 2380 tiedimmm,
374 2318 422 2372 sed
437 2334 472 2372 ne
488 2318 624 2382 sileamus,
638 2319 671 2372 de
681 2317 885 2385 qualificatione
902 2318 1115 2373 cenfessatorum
1132 2334 1182 2385 per
1198 2317 1352 2373 Denisetam

157 2394 256 2450 miens
267 2397 355 2452 usim
367 2402 407 2453 est
417 2400 494 2453 nobis
505 2399 611 2467 ahquid
621 2399 817 2454 disserendum.

157 2470 337 2546 hprooessu
348 2487 423 2549 patet
434 2484 506 2551 qued
517 2484 622 2550 prefata
634 2482 761 2537 Deniseta
777 2482 961 2551 estydolatra,
975 2481 1351 2550 Deeiuiuriosa,p1euarica·

157 2565 176 2605 ἱ
205 2561 268 2630 legis
285 2562 389 2629 diuina,
408 2569 539 2633 apostata,
560 2565 703 2633 sacrilega,
723 2566 852 2629 venefica,
871 2565 905 2619 de
921 2563 1010 2619 heresi
1028 2566 1201 2620 vehementer
1217 2570 1349 2634 suspecta,

157 2634 247 2698 'icida
248 2650 377 2713 ,paetum
388 2647 491 2701 habens
503 2665 565 2702 eum
577 2647 745 2701 demonibus.
759 2647 891 2701 Ydolatra
901 2647 1012 2715 quidem
1022 2664 1055 2701 eo
1066 2648 1138 2713 quod
1149 2648 1254 2702 cultum
1270 2649 1351 2704 latria

157 2729 169 2764 ¹
192 2722 243 2780 Dee
253 2727 375 2782 debitum
387 2729 512 2784 exhibuit
522 2731 640 2784 demoni.
655 2729 735 2783 Hnne
747 2730 819 2783 enim
838 2729 905 2798 petit
917 2730 1016 2784 demon
1032 2748 1087 2785 nen
1104 2736 1246 2786 contentus
1257 2733 1351 2787 adora·

157 2809 204 2857 110
219 2809 357 2875 yperdulie
374 2815 422 2864 aut
437 2811 525 2877 dulie3
545 2828 608 2864 nam
619 2811 747 2879 superbla
764 2827 822 2874 sua,
837 2827 892 2878 qua
908 2810 1063 2865 ascenditur
1081 2828 1195 2879 semper,
1214 2830 1350 2867 summum

157 2877 259 2944 nouat
273 2891 414 2956 honorem,
427 2893 462 2946 de
473 2910 527 2959 quo
538 2893 593 2946 Ysa
605 2898 645 2947 14.
659 2893 742 2947 dicit:
758 2893 942 2946 “Ascendam
953 2909 1034 2959 super
1045 2891 1107 2947 altit
1095 2893 1218 2948 tudinem
1235 2895 1349 2949 nubium

157 2973 227 3048 flens
236 2973 325 3027 sedem
337 2990 425 3029 meam
437 2975 466 3028 in
478 2976 609 3029 lateribus
620 2975 796 3042 aquilonisct
808 2992 855 3029 ero
866 2975 963 3028 similis
974 2973 1150 3030 Altissime.
1136 2977 1225 3046 Ipsa
1241 2983 1282 3033 est
1270 2980 1350 3033 tDeo

157 3037 256 3109 limosa
266 3058 324 3111 et
303 3074 343 3110 sre
354 3059 426 3113 tacto
438 3059 603 3126 blasphema,
616 3058 682 3126 quia
693 3059 810 3127 gloriam
827 3058 1112 3113 incommunicabilem
1114 3067 1197 3128 ,pete
1213 3080 1350 3116 summum

157 3139 253 3193 ³noram
264 3141 478 3196 communicauit
494 3145 619 3196 creature
629 3142 734 3197 sorhcet
750 3141 858 3195 demoni
876 3144 939 3194 cont
941 3158 972 3194 ra
928 3140 1057 3194 tillud
1074 3141 1128 3194 Ysa
1140 3145 1213 3195 iaz«
1228 3143 1349 3197 Gloriam

157 3224 215 3273 leam
224 3222 302 3276 alteri
314 3240 370 3276 nen
380 3224 450 3277 dabo
462 3228 489 3277 et
499 3225 607 3277 laudem
620 3240 708 3277 meam
720 3223 900 3291 sculptilibus
914 3247 925 3269 n
940 3222 987 3276 Est
998 3222 1067 3290 legis
1083 3221 1178 3276 diuina
1195 3223 1348 3289 preuariea·

157 3295 322 3357 indicentis:
337 3326 349 3346 u
365 3304 511 3358 Dominum
530 3307 616 3359 Deum
632 3310 710 3359 tuum
728 3304 854 3358 adorabis
865 3307 893 3358 et
909 3304 950 3357 illi
963 3303 1012 3357 soli
1024 3303 1124 3357 servies
1138 3328 1150 3348 n
1162 3304 1300 3368 (Deutere.
1313 3307 1348 3369 6),

157 3399 207 3437 ram
216 3384 308 3439 dicens
319 3385 349 3440 in
361 3385 508 3439 sathanam
521 3392 660 3454 retorquet
671 3387 809 3441 Mattheus
822 3392 845 3440 4.
861 3385 918 3440 Hee
931 3385 1058 3438 Deniseta
1067 3389 1107 3438 est
1115 3389 1237 3452 apostata
1246 3386 1348 3454 triplici

157 3484 223 3522 ruere
233 3469 375 3536 apostasia,
388 3468 492 3522 scilicet
503 3469 624 3536 perfidie,
639 3468 822 3523 inobedientis
840 3472 867 3521 et
883 3466 1034 3533 religionis.
1048 3467 1218 3533 Apostasiam
1236 3466 1349 3534 pertidia

157 3550 264 3615 mmisit,
278 3552 344 3620 quia
354 3569 371 3604 a
383 3552 435 3605 fide
447 3551 556 3605 recessit
567 3569 626 3604 eam
637 3552 797 3619 abnegando
806 3556 833 3604 et
845 3549 931 3603 eciam
943 3566 960 3601 a
970 3549 1035 3611 Deo,
1048 3547 1113 3615 quia
1125 3548 1264 3601 vinculum
1274 3548 1346 3612 fidei,

159 3649 178 3685 o
188 3631 212 3686 ei
225 3633 313 3687 fuerat
324 3635 411 3698 unita,
424 3636 572 3688 secundum
585 3636 654 3689 illud
666 3636 734 3688 Ozee
746 3640 769 3689 2.
783 3653 788 3687 :
805 3656 817 3677 u
832 3633 971 3701 Sponsabo
983 3637 1010 3686 ts
1026 3632 1095 3685 mihi
1112 3632 1141 3685 in
1159 3634 1220 3686 tide.
1235 3657 1248 3680 n
1261 3632 1348 3701 Rupit

157 3715 281 3768 ostasium
299 3715 490 3780 inobedientia
510 3717 575 3784 quia
593 3719 679 3771 Deum
696 3715 858 3783 contempsit
875 3721 902 3769 et
920 3715 949 3767 in
967 3714 1076 3782 signum
1099 3714 1181 3768 huius
1199 3715 1348 3782 posteriora

157 3802 216 3850 ntra
233 3799 321 3852 celum
338 3798 487 3852 denudavit
504 3800 533 3852 in
551 3799 741 3853 contumeliam
763 3798 812 3851 Dei
826 3796 1005 3866 glorificantis
1018 3798 1053 3850 ad
1070 3796 1156 3851 instar
1167 3797 1287 3862 illorum,
1299 3797 1347 3865 qui

157 3896 199 3933 rsa
216 3886 243 3935 et
257 3885 335 3948 terga
351 3881 488 3933 habebant
505 3885 600 3932 centra
619 3879 758 3945 templum,
778 3880 811 3932 de
828 3878 935 3945 quibus.
947 3877 1043 3931 Enoch.
1063 3882 1086 3931 8.
1106 3878 1173 3932 Item
1185 3877 1347 3945 apostasiam

157 3963 260 4030 igionis
269 3963 425 4026 christiane,
434 3962 499 4029 quia
508 3978 585 4014 sacra
594 3961 707 4015 ecclesie
715 3965 742 4015 et
751 3959 960 4015 sacramentalia
968 3960 1106 4013 abiuravit
1114 3961 1142 4013 in
1152 3960 1248 4027 specie,
1257 3978 1346 4014 sacra·

157 4049 241 4099 ntum
257 4045 401 4100 eucaristie
424 4063 486 4098 eum
504 4044 628 4112 promisit
646 4062 784 4111 nunquam
802 4045 923 4112 aspicere
947 4042 999 4096 nisi
1019 4045 1088 4098 ferte
1106 4059 1187 4095 causa
1203 4042 1347 4095 derisionis

157 4144 200 4193 que
211 4126 392 4190 similatioms‚
404 4144 436 4179 ne
448 4128 482 4179 ab
492 4128 552 4192 alljs
562 4132 727 4195 argueretur
738 4127 771 4181 de
783 4127 944 4181 infidelitate
954 4144 960 4191 3
973 4147 985 4166 α
999 4126 1034 4178 Et
1046 4126 1098 4179 hee
1110 4126 1229 4180 similata
1240 4127 1346 4193 equitas

168 4208 269 4274 duplex
287 4209 426 4277 iniquitas,
448 4233 460 4254 a
479 4209 517 4262 ait
534 4210 631 4262 bessus
648 4208 826 4276 Augustinus.
846 4209 907 4275 Ipsa
927 4214 968 4263 est
987 4208 1129 4276 sacrilega,
1147 4208 1213 4276 quia
1229 4208 1345 4263 hostiam

157 4297 312 4355 rsecratam,
320 4309 378 4345 rem
388 4290 607 4354 sacratissimam,
616 4309 679 4358 ymo
691 4291 793 4344 hostias
805 4292 895 4358 plures
904 4292 999 4345 furtim
1011 4291 1124 4345 abstulit
1131 4292 1166 4344 ad
1178 4291 1244 4345 lines
1255 4292 1346 4358 damp-

157 4372 223 4427 oiles
235 4374 397 4442 applicando
410 4391 507 4441 panem
520 4375 682 4442 angelorum
693 4379 720 4427 ct
732 4373 861 4427 viaticum
873 4374 995 4428 fidelium
1006 4373 1153 4427 immundis
1164 4391 1197 4427 ao
1205 4373 1346 4428 venenosis

157 4458 290 4512 malibus.
303 4458 369 4513 Inde
386 4458 519 4512 censenda
531 4462 571 4512 est
587 4458 708 4511 venefica
722 4462 749 4511 et
765 4458 799 4511 de
815 4457 904 4511 heresi
921 4457 1096 4512 vehementer
1112 4460 1235 4525 suspecta
1246 4474 1278 4510 ac
1295 4474 1345 4525 per

157 4541 220 4596 :de
235 4540 288 4596 hoc
309 4545 477 4597 sacramento
494 4539 640 4608 diligenter
658 4539 846 4604 examinenda,
872 4538 937 4607 quia
956 4543 1013 4595 tam
1033 4539 1227 4596 contumeliose
1245 4554 1344 4608 panem
