3194 5408
626 501 727 557 ANNO
745 503 821 557 1411
1279 501 1329 553 113

85 651 199 721 probis
214 649 285 704 viris
296 646 369 716 quod
384 646 418 701 de
434 649 524 700 cetero
541 659 591 696 noc
608 640 717 710 publice
733 659 783 697 100
793 644 900 698 occulto
915 643 1104 712 praedicarent
1120 641 1270 698 castitatem
1283 645 1332 694 aut

87 732 306 804 vin-ginitatsrn,
324 745 374 784 nec
393 724 643 782 recommendarent
663 723 866 789 continentiam,
885 729 1034 779 asserentes
1050 724 1133 780 etiam
1152 724 1256 779 nullam
1275 737 1332 776 esse

89 815 256 886 virginem,
268 830 326 868 una
335 815 442 866 tantum
452 809 570 875 dempta,
584 823 666 874 quam
677 805 772 861 dicunt
782 824 840 861 esse
850 807 1020 875 sapientiam.

131 902 183 953 21.
196 897 268 952 Item
277 897 312 950 de
322 890 482 964 purgatorio
493 894 558 943 sunt
568 887 699 943 conharii
710 889 848 943 ecclesias.
863 889 996 944 Similiter
1006 890 1041 944 de
1056 889 1172 945 inferno.
1186 888 1222 943 Et
1233 886 1335 941 habent

92 976 465 1050 quendamsingulammet
475 973 570 1026 fictum
581 970 691 1024 modum
703 970 832 1038 loquendi
842 971 1070 1027 deillamateria.
1362 1003 1367 1020 ·

134 1063 214 1119 Item
224 1062 261 1116 ad
276 1057 461 1128 quaestionem
472 1055 581 1122 quando
597 1055 632 1107 ab
648 1053 688 1108 eis
705 1053 847 1121 quaeritur
863 1055 929 1122 quid
946 1058 1139 1124 responderent
1154 1055 1177 1110 si
1193 1055 1233 1111 eis
1250 1055 1334 1123 impe

95 1150 245 1202 1101011111
255 1141 427 1197 credulitates
437 1135 656 1205 supradictorum
667 1135 855 1201 articulormm,
868 1140 1031 1205 respondent
1042 1140 1114 1207 quod
1125 1143 1265 1207 negarent.
1282 1161 1295 1184 n

135 1228 216 1284 Itan
232 1225 336 1294 etquis
345 1240 380 1279 ex
390 1221 444 1276 tide
453 1219 602 1288 dignorum
612 1217 825 1285 depositionibus
839 1219 949 1274 10011111
961 1220 1083 1276 constitit
1098 1226 1125 1276 te
1136 1221 1228 1289 plures
1240 1237 1335 1289 propo

96 1309 227 1367 sitiones
242 1312 270 1364 et
285 1305 471 1362 conclusiones
487 1319 615 1357 01101000
631 1305 658 1355 01
674 1318 692 1354 a
708 1301 761 1356 fide
777 1302 870 1356 demas
886 1302 916 1357 in
932 1305 1026 1359 eadem
1038 1304 1105 1359 villa
1122 1303 1293 1360 Bruxellensi
1309 1309 1339 1359 et

97 1391 218 1448 diocesi
229 1395 320 1445 nom
328 1385 576 1457 medicationibus
584 1382 701 1452 publicis
711 1384 858 1439 asseruisse
866 1386 1110 1455 collationibusqua
1119 1387 1232 1455 privatis
1243 1387 1336 1441 incon·

98 1474 188 1530 mlta
203 1489 253 1541 por
268 1477 296 1526 te
311 1469 390 1525 1110110
406 1467 534 1523 cordibus
549 1465 681 1530 fidelium,
693 1471 825 1533 quantum
843 1467 873 1520 in
890 1473 917 1522 te
933 1468 995 1534 fuit,
1007 1468 1161 1534 inseruisse,
1180 1471 1216 1524 ad
1233 1469 1340 1524 easdem
1379 1508 1391 1535 ,

100 1555 321 1628 abjurandaset
336 1550 502 1607 revocandas
513 1549 573 1603 loco
584 1552 612 1602 et
628 1548 715 1602 modis
726 1548 803 1615 prius
813 1550 953 1617 expressis,
971 1551 1002 1605 in
1018 1553 1158 1619 formaque
1169 1555 1197 1606 et
1207 1556 1301 1606 tenore
1310 1550 1341 1603 in

100 1635 238 1705 quadam
248 1636 343 1690 cedula
354 1650 403 1703 per
413 1650 463 1688 nos
480 1648 528 1685 seu
546 1634 650 1685 1001100
662 1630 713 1684 tibi
730 1631 870 1696 tradenda,
890 1638 1045 1687 nostrorum
1061 1633 1091 1686 in
1103 1633 1156 1687 hoc
1173 1631 1341 1687 notariorum

100 1715 205 1788 signis
231 1717 351 1787 signata,
379 1731 496 1784 quarum
517 1713 601 1768 etiam
623 1712 837 1781 propositionum
859 1719 938 1769 tenor
960 1715 1082 1783 sequitur
1104 1715 1134 1769 in
1157 1715 1225 1768 haec
1248 1716 1339 1768 verba,

146 1813 312 1884 seq-am
318 1815 523 1883 propositiones
533 1810 633 1877 salsae,
643 1811 1029 1882 mmaecenbcareeicaeper
1037 1829 1082 1866 me
1091 1814 1209 1881 fratrem
1228 1809 1341 1864 Wilbel·

107 1913 201 1950 mum
213 1898 246 1946 in
255 1896 348 1963 forma
360 1911 432 1964 quae
442 1896 568 1962 sequitur
577 1892 769 1946 revocandae:

148 1977 251 2033 Prima
270 1977 426 2045 propositio,
448 1975 521 2043 quod
542 1991 635 2028 omnes
656 1974 813 2039 Christiani,
836 1977 942 2042 Judaei,
967 1977 1066 2046 pagani
1090 1981 1118 2032 et
1137 1976 1219 2032 etiam
1241 1974 1343 2030 diaboli

108 2059 302 2115 salvabuntur
318 2074 464 2126 omnesque
480 2057 516 2110 ad
528 2057 615 2111 Deum
626 2061 797 2112 revertentur
808 2062 835 2113 et
851 2059 904 2113 erit
921 2076 1006 2113 unum
1016 2059 1094 2115 ,ovile
1110 2064 1138 2114 et
1154 2076 1225 2113 unus
1242 2063 1341 2125 pastor,
1409 2054 1412 2061 ⁴

107 2147 144 2199 et
167 2139 289 2195 finaliter
306 2139 361 2194 erit
382 2155 439 2192 una
461 2136 605 2206 generalis,
617 2137 740 2192 salvatio.
762 2139 888 2203 Probari,
910 2139 975 2206 quia
997 2140 1120 2194 Christus
1142 2139 1273 2195 satisfecit
1294 2155 1343 2207 pro

107 2222 258 2279 omnibus.
270 2221 338 2276 ltem
350 2237 441 2275 omnes
453 2223 546 2288 gentes
557 2224 619 2274 sunt
635 2219 792 2274 benedictae
808 2220 838 2273 in
850 2221 966 2285 Christo,
980 2227 1006 2276 et
1023 2222 1175 2277 benedictio
1192 2220 1242 2275 Dei
1252 2237 1343 2274 mane·

109 2306 172 2361 ais
187 2304 261 2371 argo
272 2302 392 2357 finaliter
402 2318 495 2356 omnes
510 2302 689 2355 salvabuntur
705 2301 735 2354 in
753 2302 868 2356 Christo.
889 2302 966 2355 Hanc
982 2319 1080 2358 revoco
1096 2310 1225 2372 tanquam
1237 2304 1343 2366 falsam,

109 2402 268 2443 moneam
278 2391 306 2440 st
317 2384 490 2457 haercticam,
503 2383 569 2452 quia
579 2387 620 2438 est
631 2387 726 2437 contra
740 2383 809 2438 illud
820 2384 956 2452 evangelii
967 2402 973 2437 :
986 2385 1068 2440 Multi
1078 2390 1142 2440 sunt
1152 2384 1250 2450 vocati,
1263 2385 1344 2453 pauci

110 2485 190 2525 veru
201 2467 290 2523 alecti.
303 2467 372 2522 ltam
383 2467 463 2521 multi
479 2467 613 2521 decedunt
628 2466 658 2519 iu
673 2475 784 2534 peccate
796 2467 905 2520 mortali
921 2472 949 2521 01
965 2466 1032 2520 tales
1048 2484 1103 2521 non
1114 2468 1262 2522 salvantur.
1275 2468 1344 2522 Item

111 2551 238 2608 ludaeis
248 2555 275 2606 01
290 2549 404 2620 paganis
415 2553 489 2618 patet
505 2566 554 2617 per
569 2549 639 2602 illud
654 2549 804 2616 scripturae
815 2567 923 2603 sacrae:
937 2549 997 2603 Nisi
1014 2549 1074 2617 quis
1091 2554 1201 2604 renatus
1215 2549 1299 2605 fuerit
1309 2566 1343 2605 ex

112 2649 198 2704 aqua
208 2632 348 2700 stSpiritu
359 2632 468 2697 Sancto,
478 2649 534 2686 non
543 2631 657 2685 intrabit
670 2631 701 2685 in
711 2649 827 2700 regnum
836 2632 982 2686 coelorum.

148 2716 307 2772 Secundam
325 2714 545 2784 propositionem,
559 2731 628 2782 quae
639 2713 762 2781 sequitur
772 2731 806 2768 01
817 2714 979 2781 praemissis,
992 2710 1138 2782 aliquando
1155 2715 1276 2770 infernus
1288 2731 1343 2769 non

106 2798 183 2863 erit,
194 2814 293 2853 revoco
304 2801 442 2866 tamquam
453 2797 548 2851 falsam
560 2801 587 2851 et
597 2796 771 2859 haereticam,
783 2796 847 2864 quia
858 2801 898 2851 est
909 2800 1005 2851 contra
1015 2796 1084 2851 illud
1096 2797 1247 2867 evangelii:
1261 2798 1342 2852 Ibunt

107 2882 133 2938 ii
147 2881 184 2936 in
194 2880 280 2935 vitam
290 2885 438 2944 aeternam,
451 2879 472 2932 ii
484 2883 574 2933 autem
586 2878 615 2932 in
629 2879 721 2947 ignem
733 2883 883 2933 aeternum.

148 2962 286 3026 Tertiam,
303 2961 376 3030 quod
395 2961 537 3015 dicuntae
556 2961 657 3015 habere
677 2962 754 3025 velle,
773 2961 843 3015 nihil
862 2965 911 3026 est,
933 2962 1003 3015 Deus
1021 2961 1093 3015 enim
1112 2965 1200 3016 tetum
1220 2961 1295 3027 facit,
1313 2967 1342 3017 et

107 3047 215 3105 omnia
226 3045 282 3100 sire
297 3046 369 3099 bona
381 3045 437 3098 sive
447 3045 520 3097 mala
536 3045 607 3098 fiunt
622 3046 761 3098 voluntate
778 3045 871 3098 divina
882 3050 909 3099 et
925 3045 1090 3100 conveniunt
1106 3044 1145 3100 ita
1162 3063 1339 3111 0100101000

106 3136 252 3196 tanquam
263 3128 357 3181 falsum
368 3130 395 3181 et
406 3126 570 3180 haereticam
579 3133 607 3181 ct
618 3127 725 3194 piarum
737 3126 845 3180 aurium
857 3126 1022 3181 offensivam.

148 3211 296 3274 Quartam,
307 3210 381 3276 quod
396 3210 488 3262 nullus
506 3209 587 3262 homo
604 3226 688 3276 purus
707 3209 798 3262 invia
815 3209 920 3263 actibus
937 3210 992 3262 suis
1009 3214 1129 3263 merebar
1145 3210 1249 3278 aliquid
1267 3210 1339 3266 vitae

106 3299 256 3357 aeterum,
268 3293 314 3346 sod
326 3292 448 3346 Christus
464 3291 561 3354 solum,
574 3292 620 3359 qui
638 3291 667 3344 in
684 3309 765 3345 cruce
781 3291 873 3344 omnia
889 3291 998 3354 meruit,
1011 3308 1108 3344 revoco
1125 3296 1254 3358 tanquam
1267 3294 1338 3347 nuale

107 3379 261 3433 sonantem
272 3378 298 3428 et
309 3374 415 3441 piarum
427 3372 535 3426 aurium
549 3373 706 3426 offensivom
718 3378 798 3440 atque
809 3390 950 3427 erroneam
962 3379 989 3427 et
1002 3373 1175 3427 haereticam.

149 3457 294 3521 Quintam,
304 3456 375 3524 quod
387 3455 456 3508 illud
467 3456 539 3521 quod
550 3456 631 3508 homo
642 3456 709 3523 agit,
724 3472 777 3508 non
789 3456 860 3509 cedit
870 3456 922 3508 sibi
934 3457 969 3508 ad
981 3455 1107 3509 moritum
1120 3456 1160 3509 vel
1174 3456 1336 3510 demeritum
1385 3474 1389 3480 ·

107 3559 172 3600 1100
183 3541 219 3595 ad
230 3539 404 3594 salvationem
419 3538 462 3591 uel
480 3538 689 3600 damnationem,
702 3539 749 3591 sed
765 3539 853 3604 pamla
870 3538 970 3591 Christi
988 3537 1117 3591 satisfecit
1134 3555 1182 3605 pro
1200 3539 1334 3602 omnibns,

107 3630 193 3682 hanc
213 3639 309 3676 revoco
328 3626 457 3687 tanquam
477 3620 581 3683 falsam,
600 3618 779 3686 periculosam
796 3624 823 3674 01
842 3621 1027 3674 seandalosam
1054 3625 1135 3687 atquo
1152 3638 1293 3675 erroneam
1310 3626 1337 3676 et

108 3705 295 3764 haereticam.

150 3787 274 3849 Sextam,
286 3785 359 3854 quod
376 3785 457 3839 homo
477 3783 595 3839 exterior
612 3801 666 3839 non
685 3785 804 3839 maculat
822 3784 960 3840 hominem
980 3785 1145 3850 interiorem,
1164 3803 1261 3842 revoco
1279 3792 1336 3843 tan·

109 3886 205 3941 quam
217 3868 311 3921 falsam
321 3872 349 3921 et
360 3867 429 3921 male
441 3870 589 3920 sonantem.

151 3951 312 4020 Septimam,
334 3951 405 4017 quod
423 3950 505 4004 homo
524 3950 638 4006 interior
658 3970 712 4006 non
733 3952 917 4017 damnabitur,
940 3952 1066 4007 similiter
1087 3970 1184 4009 revoco
1207 3959 1337 4025 tanquam

110 4037 220 4093 falsam
231 4039 258 4089 01
268 4033 339 4087 male
350 4037 498 4086 sonantem.

152 4117 296 4180 Octavam,
308 4117 420 4185 quadiu
431 4122 529 4171 ornatu
541 4118 655 4172 vestium
668 4119 743 4171 nulla
754 4124 794 4172 est
805 4119 893 4186 culpa,
907 4135 1004 4173 revoco
1015 4124 1144 4187 tanquam
1156 4122 1226 4176 male
1239 4141 1335 4177 sonan-

110 4207 177 4258 rem
188 4203 217 4254 et
227 4200 298 4254 male
308 4200 515 4263 aedificativam,
529 4201 602 4267 quia,
619 4201 682 4255 licet
696 4201 726 4254 in
737 4205 834 4255 ornatu
846 4202 959 4255 vestium
972 4203 1072 4256 nonsit
1088 4208 1236 4269 peccatum,
1250 4209 1336 4271 potest

109 4290 214 4341 11111011
226 4286 336 4336 ornatus
347 4283 461 4336 vestium
470 4299 527 4335 esse
537 4299 619 4336 causa
629 4288 657 4337 et
668 4283 772 4337 occasio
785 4284 896 4350 peccati.

150 4365 270 4428 Nonam,
284 4365 355 4431 quod
371 4365 595 4432 reprehendentes
613 4371 766 4433 peccatores
778 4367 820 4419 vel
837 4384 882 4420 eos
894 4367 1048 4435 judicantes
1060 4369 1120 4435 plus
1132 4374 1244 4435 peccant
1255 4387 1337 4435 quam

109 4446 279 4516 reprehensi
289 4448 332 4500 vel
338 4446 465 4515 judicati,
476 4464 574 4501 revoco
587 4452 716 4516 tanquam
728 4449 824 4503 falsam
833 4452 860 4503 et
868 4449 938 4504 male
949 4455 1088 4506 sonantem
1098 4450 1232 4520 totiusque
1243 4452 1338 4508 irator-

111 4548 174 4590 nac
185 4530 362 4588 correctionis
373 4530 573 4588 destructivam.

1246 4640 1276 4690 le
