3194 5408
290 426 338 479 360
803 426 902 509 auno
923 427 998 480 rico

324 562 405 627 Quid,
418 580 510 631 queso,
529 563 590 617 illas
601 563 810 632 preciosissimas
829 565 1016 620 cristianitatis
1027 582 1148 634 gemmas
1164 565 1195 620 in
1205 571 1262 621 tam
1281 565 1402 620 sublime
1419 581 1522 619 nomen

291 646 390 708 cuerit,
409 646 616 710 (nobilissimum
633 648 701 700 illud
719 666 751 700 ac
769 649 983 715 potentissimum
1001 651 1169 703 Francorum
1187 666 1303 717 regnum
1320 650 1431 716 loquor,
1446 648 1522 715 quod

292 727 546 781 christianissimum
563 730 735 796 appellatum)
753 731 804 784 nisi
817 733 888 798 quod
906 732 1024 798 puritate
1035 730 1098 785 tidei
1111 735 1217 784 servata
1228 733 1263 785 ab
1274 732 1358 784 inicio
1372 747 1520 798 regenera-

292 808 378 862 oionis
395 814 490 863 contra
500 809 590 864 hostes
606 810 727 864 veritatis
744 811 870 866 salutaris
887 830 954 880 gens
971 812 1020 865 hec
1032 811 1183 865 clarissima
1199 829 1260 879 sepe
1276 813 1331 866 fuit
1341 812 1479 866 terribilis
1490 816 1521 865 ut

291 897 442 947 castrorum
463 893 534 947 ecies
554 893 698 948 ordinatal
719 895 774 948 Cur
799 895 885 948 eciam
905 894 1071 948 clarissimus
1096 896 1143 949 ille
1169 895 1262 948 Gallus
1281 894 1404 946 Karolns
1428 893 1521 946 dictus

291 991 416 1043 magnus,
435 976 602 1029 Francorum
614 977 746 1030 acerrime
757 976 846 1044 gentis
863 977 987 1043 princeps
1004 976 1208 1038 inuictissimuS,
1221 992 1302 1043 super
1319 978 1428 1028 ceteros
1444 975 1522 1028 orbis

292 1056 429 1125 principes
440 1062 496 1111 tam
514 1057 615 1126 insigni
632 1058 764 1112 momoria
780 1059 942 1121 celebratur,
956 1059 1008 1112 nisi
1020 1060 1092 1126 quod
1102 1076 1207 1112 summo
1219 1057 1308 1112 studio
1325 1057 1521 1123 indefessoque

292 1141 386 1196 labore
398 1142 463 1194 fines
476 1140 661 1194 cristianitatis
669 1141 820 1207 ampliauit,
831 1142 925 1205 erexit,
936 1142 1046 1204 tutauit,
1059 1146 1086 1195 et
1095 1141 1235 1194 Gallorum
1244 1139 1423 1208 amplissimis
1434 1141 1521 1206 copijs

292 1225 387 1287 fretus,
399 1224 469 1278 datis
481 1225 564 1279 acelo
576 1225 721 1291 triumphis
733 1224 899 1288 clarissimis,
913 1225 1001 1278 hostes
1012 1225 1072 1279 eius
1082 1224 1188 1287 strauit,
1200 1222 1278 1287 fudit,
1292 1222 1414 1277 extinxit
1425 1222 1436 1275 Ι

327 1308 362 1362 Et
378 1308 416 1362 ita
428 1308 546 1376 cogitate
559 1326 607 1376 por
618 1308 823 1376 generacionem
836 1313 863 1362 et
879 1308 1095 1376 generacionem,
1109 1307 1174 1374 quia
1189 1324 1282 1361 omnes
1299 1305 1476 1374 quisperant
1492 1303 1523 1355 in

294 1390 418 1452 Donnno,
433 1407 487 1444 non
499 1389 688 1456 infirmantum
702 1395 729 1443 et
739 1407 756 1443 a
767 1390 857 1443 verbis
868 1389 920 1442 viri
933 1389 1082 1456 peccatoris
1093 1407 1126 1443 ne
1137 1389 1264 1452 timeatis,
1277 1388 1343 1454 quia
1354 1385 1449 1456 gloria
1460 1384 1524 1439 eius

293 1475 396 1526 stercus
406 1477 433 1527 et
442 1472 541 1526 vermis
552 1476 606 1526 est:
621 1472 702 1525 hodic
713 1472 861 1535 extollitur,
872 1478 899 1526 et
910 1489 970 1525 cras
979 1489 1032 1525 non
1044 1471 1193 1535 inuenitur,
1204 1470 1270 1536 quia
1280 1485 1434 1522 conuersus
1443 1471 1486 1521 est
1493 1465 1524 1519 in

292 1559 394 1611 terram
412 1571 497 1619 suam,
516 1559 543 1609 at
560 1553 694 1622 cogitacio
711 1555 769 1608 eius
786 1555 880 1622 periet.
895 1553 1091 1608 confortamini
1109 1553 1200 1620 itaque
1216 1557 1244 1606 et
1260 1550 1381 1605 viriliter
1398 1550 1477 1619 agite
1494 1549 1524 1603 in

293 1639 363 1707 lege,
374 1637 439 1705 quia
447 1637 476 1691 in
488 1637 546 1704 ipsa
555 1637 667 1705 gloriosi
678 1636 762 1701 eritis,
773 1638 796 1689 si
806 1637 931 1692 videlicet
946 1641 1053 1705 gentem
1065 1637 1136 1689 hanc
1148 1635 1277 1703 perfidam
1289 1634 1343 1688 hac
1358 1638 1526 1702 tempestate

293 1719 323 1774 in
334 1719 499 1774 maleficium
511 1717 658 1772 christiane
669 1718 764 1772 salutis
775 1722 831 1772 toto
849 1718 959 1786 ingenio
976 1716 1177 1770 machinantem
1194 1714 1326 1782 legitimis
1342 1715 1524 1768 animaduer-

294 1803 416 1858 sionibus
427 1803 570 1871 coegeritis
582 1802 625 1870 pie
642 1803 672 1855 in
685 1802 792 1856 Christo
804 1802 897 1855 viuere
908 1801 1061 1855 volentibus
1073 1817 1165 1868 pacem
1177 1799 1242 1853 dare
1253 1803 1288 1862 et,
1302 1798 1426 1853 evolutis
1440 1798 1528 1851 huius

294 1902 379 1953 praue
391 1883 513 1939 nacionis
524 1883 689 1938 vanitatibus
697 1888 725 1937 ct
733 1883 846 1948 insaniis
854 1882 937 1945 falsis,
947 1882 1095 1936 extinctam
1107 1881 1246 1934 lucernam
1258 1881 1372 1934 accendi
1387 1881 1528 1934 iusseritis

294 1971 322 2023 et
339 1967 403 2035 poni
420 1984 502 2034 super
519 1966 712 2020 candelabrum
729 1967 764 2019 ad
781 1965 991 2019 illuminandum
1008 1982 1062 2028 eos,
1081 1963 1128 2031 qui
1145 1963 1174 2016 in
1191 1961 1310 2016 tenebris
1327 1967 1356 2017 et
1373 1963 1405 2016 in
1423 1963 1527 2016 umbra

295 2048 390 2104 mortis
401 2049 502 2112 sedent,
516 2048 551 2102 ad
562 2046 719 2115 dirigendos
730 2048 809 2114 pedes
820 2066 882 2101 suos
894 2047 923 2100 in
935 2046 1006 2099 viam
1019 2045 1102 2114 pacis.

558 2160 734 2214 Handsclnitt
745 2172 774 2213 nr
782 2164 889 2215 733-741
902 2162 951 2214 der
962 2159 1140 2225 KoninhliJko
1149 2157 1321 2212 Bibliotheek
1333 2174 1387 2210 van
1402 2159 1527 2218 Brussel,

589 2243 635 2296 fol.
654 2246 695 2305 56,
708 2247 749 2307 57,
763 2247 794 2297 57
812 2260 897 2306 verso,
916 2248 957 2306 58,
975 2248 1016 2306 63,
1037 2245 1069 2296 63
1087 2258 1164 2295 verso
1180 2257 1214 2294 en
1231 2244 1273 2293 et.
1286 2240 1345 2305 (Zie
1361 2242 1467 2295 verder
1478 2258 1529 2294 ons

592 2335 621 2377 nt
638 2327 706 2388 307.)

863 2451 957 2518 306.

344 2645 447 2719 1460,
482 2643 567 2708 June·
598 2643 718 2720 10-22‚
752 2643 906 2710 Antiates.
937 2642 1116 2708 Uittreksel
1149 2641 1196 2708 uit
1223 2640 1263 2705 de
1290 2638 1431 2726 kronijk
1460 2660 1528 2705 van

294 2750 434 2833 Jacques
457 2745 499 2812 du
523 2747 636 2828 Ctercq
653 2766 734 2812 over
756 2745 795 2810 de
819 2746 1011 2832 vriJzinnige
1031 2745 1177 2830 houding
1193 2763 1256 2809 van
1273 2742 1337 2807 den
1363 2738 1526 2828 bisschop

294 2873 360 2918 van
376 2848 521 2928 Amiens‚
539 2849 591 2913 die
607 2847 748 2913 verbood
765 2849 797 2913 in
814 2850 879 2936 zijn
895 2848 1066 2935 geestelijtc
1083 2847 1197 2933 gehied
1222 2845 1343 2932 gevolg
1358 2849 1395 2910 te
1413 2865 1528 2930 geren

295 2975 359 3022 aen
376 2953 415 3019 de
439 2951 658 3018 aanklachten
682 2957 780 3036 tegen
808 2952 925 3017 zekere
951 2971 1111 3035 personen
1140 2948 1350 3034 uitgebraoht
1375 2947 1462 3014 door
1488 2947 1531 3014 de

298 3054 552 3142 aangehoudene
570 3055 773 3122 Waldenzen
790 3076 854 3120 van
871 3054 1021 3119 Atrecht.

331 3224 454 3280 Environ
470 3241 501 3277 ce
518 3227 612 3290 temps,
627 3240 661 3276 en
677 3222 704 3275 la
721 3222 785 3276 ville
801 3222 947 3288 d’Amiens,
960 3239 1009 3289 par
1025 3221 1199 3276 l'accusation
1210 3222 1244 3275 de
1254 3220 1336 3275 ceulx
1352 3218 1404 3286 qui
1416 3219 1536 3274 avaient

299 3314 355 3364 este
365 3307 441 3375 prins
452 3312 480 3361 et
490 3306 552 3359 ards
563 3322 668 3358 comme
686 3305 809 3358 vauldois
821 3323 855 3359 en
872 3305 899 3358 la
910 3305 975 3358 ville
990 3305 1109 3367 d'Arras,
1122 3305 1214 3359 iurent
1231 3304 1362 3358 aulounes
1376 3319 1536 3369 personnae

302 3389 416 3457 prinses,
434 3387 576 3454 lesquelles
592 3386 711 3452 l'ereque
728 3385 864 3439 d’Amiens
884 3386 989 3440 delivra
998 3391 1170 3453 prestement,
1180 3390 1208 3438 et
1226 3384 1267 3437 dit
1282 3384 1432 3450 qu'autant
1448 3388 1535 3453 qu'on
1553 3373 1560 3387 ’

299 3472 340 3526 lui
360 3489 395 3526 en
414 3469 573 3532 ameneroit‚
584 3469 605 3521 il
622 3469 661 3522 les
672 3467 807 3522 laisseroit
823 3469 892 3522 aller
908 3475 936 3522 ot
952 3468 991 3521 les
1002 3466 1168 3530 delivreroit,
1181 3473 1209 3520 et
1223 3466 1289 3533 qu’il
1306 3483 1343 3518 ne
1359 3469 1466 3523 croioit
1484 3485 1535 3535 pas

300 3553 379 3622 qu’ils
390 3553 500 3608 scissent
511 3569 544 3604 ne
562 3556 688 3617 peussent
704 3551 773 3603 taire
790 3567 821 3604 ce
833 3550 912 3616 qu'ils
923 3549 1047 3603 disoient.
1063 3549 1164 3614 icelluy
1182 3564 1283 3612 evaque
1300 3548 1385 3602 estoit
1402 3550 1481 3604 frere
1494 3551 1534 3604 du

301 3637 331 3691 Sr
344 3637 378 3691 de
390 3634 523 3689 Beaurois
534 3634 560 3686 le
569 3634 679 3701 Borgne
688 3638 714 3687 et
726 3633 807 3688 estoit
817 3633 907 3699 cleroq
920 3638 947 3686 et
958 3633 1031 3686 auoit
1043 3632 1170 3685 domeure
1186 3631 1341 3698 longtemps
1359 3648 1396 3684 cn
1415 3649 1488 3686 cour
1499 3633 1536 3686 de

302 3716 389 3772 &me
402 3722 429 3772 et
439 3733 457 3783 y
469 3720 524 3771 este
537 3731 688 3783 procureur
698 3715 734 3767 du
747 3714 800 3769 duc
811 3714 845 3768 de
857 3716 1030 3782 Bourgogne.

561 3832 709 3884 Memoircs
726 3830 760 3882 dc
776 3830 893 3899 lacques
912 3831 950 3883 du
970 3830 1071 3899 Clercq,
1090 3829 1149 3883 dael
1169 3828 1215 3891 ΙΙΙ,
1234 3829 1284 3881 blz.
1303 3831 1345 3882 at.

868 4023 958 4092 307.

349 4213 453 4288 1460,
484 4212 570 4278 June·
603 4213 721 4289 10-22,
752 4214 917 4281 Deornik.
954 4218 1133 4286 Uittreksel
1161 4221 1208 4286 uit
1231 4222 1270 4286 de
1296 4220 1436 4310 kronijk
1466 4246 1536 4292 van

301 4317 440 4400 Jacques
464 4316 505 4381 du
534 4315 647 4400 Glercq
676 4337 754 4382 over
781 4318 842 4384 den
868 4321 1083 4406 godgeleerde
1106 4324 1168 4390 Jan
1186 4324 1362 4390 Taincture
1379 4347 1425 4392 en
1451 4348 1537 4394 over

302 4420 417 4506 eenige
435 4418 645 4496 verdaehten,
669 4419 719 4485 die
735 4425 769 4486 te
794 4423 934 4489 Doornik
952 4427 1087 4492 werden
1112 4427 1348 4513 aengehouden
1373 4449 1419 4495 en
1445 4431 1536 4499 later
