3194 5408
585 545 685 601 ANNO
705 548 780 600 1260
1250 550 1297 603 131

97 677 133 732 Li
151 678 211 732 mis
223 695 275 747 par
291 679 319 735 16
330 682 421 736 consol
431 682 465 738 de
475 700 517 737 666
527 684 627 739 barone
638 686 682 740 list
697 687 734 741 tel
745 685 964 742 eatablissement.
978 685 1070 749 Quent
1085 687 1135 740 l’en
1146 702 1195 740 ara
1206 703 1298 755 sonpe

63 777 151 815 coner
162 779 203 815 un
215 762 298 816 home
310 764 344 818 de
356 765 489 836 bogrerie,
498 766 517 819 li
526 769 608 836 juges
619 769 774 822 ordenaires
782 771 817 834 (l)
825 768 881 822 (1611
893 785 1020 835 mquerro
1031 770 1056 822 le
1065 769 1105 822 roi
1118 787 1153 823 66
1163 787 1192 821 sa
1199 769 1297 838 justice

64 842 121 908 qn'i
144 846 171 896 le
191 862 348 914 prangne...
363 848 456 914 Apron,
476 849 496 902 li
516 867 643 918 esveqnes
662 857 690 905 61
709 851 728 904 11
749 852 838 918 proluz
854 852 906 905 dou
925 853 978 915 lou,
998 853 1093 905 66616
1112 853 1241 906 ontendre
1258 853 1296 905 les

64 942 201 992 pemones
216 928 333 995 d'iglise,
345 929 444 984 devant
459 932 516 985 fere
532 932 713 1000 l’inquisicion
730 934 764 986 (16
780 934 807 987 16
827 934 862 987 161
880 951 925 987 sor
942 934 960 986 li
978 939 1005 987 61
1021 934 1167 987 demander
1183 934 1202 987 li
1220 935 1254 988 de
1271 935 1298 988 la

64 1008 115 1060 soi.
130 1008 168 1062 Et
186 1027 219 1062 ce
230 1009 282 1065 seit
300 1011 339 1064 161
352 1011 452 1067 devant
468 1014 493 1067 16
505 1031 631 1068 commun
643 1015 676 1068 (16
686 1014 777 1069 Seinte
795 1014 884 1083 lglise.
898 1015 933 1068 Et
949 1015 988 1068 s'il
1006 1021 1047 1070 est
1060 1016 1190 1083 dampnez
1204 1021 1231 1070 61
1248 1032 1298 1084 por

65 1090 111 1144 lor
125 1095 319 1160 jugement...,
333 1093 352 1146 li
372 1094 428 1147 rois
444 1101 524 1163 prent
539 1097 566 1150 le
582 1114 642 1152 6616
660 1103 688 1152 61
704 1100 742 1151 161
757 1097 841 1151 lirrer
856 1115 874 1151 a
890 1103 970 1162 mort,
983 1103 1010 1152 et
1025 1104 1099 1153 toust
1115 1099 1134 1153 li
1152 1100 1242 1153 666116
1257 1103 1299 1159 eet

64 1172 142 1227 siens
153 1175 221 1226 saus
229 1174 256 1228 le
267 1174 363 1229 doaire
374 1193 391 1229 a
402 1177 429 1229 la
440 1178 526 1261 famo.v

341 1289 378 1342 Li
389 1290 488 1344 Lierea
502 1290 644 1359 dejestice
652 1266 680 1344 ¹et
691 1291 801 1360 deplet,
813 1292 864 1347 blz.
879 1272 926 1357 12(
938 1293 1100 1362 uitgegeven
1110 1294 1179 1348 door
1189 1294 1298 1363 Rapetti

374 1372 403 1426 in
411 1373 445 1426 de
456 1372 602 1427 6611661166
612 1375 647 1428 (16
655 1374 814 1427 documenta
823 1374 926 1428 inedita
936 1391 987 1428 aur
998 1373 1131 1429 ldistoire
1139 1375 1173 1430 de
1181 1376 1298 1440 Franco,

374 1458 447 1510 1650.

646 1597 733 1664 136.

119 1785 228 1861 1260,
249 1787 430 1872 11611125,
450 1789 603 1874 Anupni.
622 1788 773 1856 Statuteu
794 1807 858 1854 van
883 1788 1067 1853 Alexander
1084 1788 1130 1854 IV
1146 1790 1244 1874 legen
1261 1787 1300 1854 de

70 1887 216 1954 ketters.
239 1927 272 1938 -
310 1890 493 1977 Herhaling
519 1892 578 1957 der
604 1891 783 1980 paueelijke
812 1894 958 1959 statuten
987 1912 1050 1957 van
1082 1891 1178 1970 1229,
1200 1891 1297 1969 1231,

73 1990 175 2071 1235,
199 1991 288 2060 1236
302 2013 345 2058 en
364 1993 461 2060 1254.

107 2155 230 2208 Noverit
245 2155 419 2208 universitas
436 2165 568 2212 nestra....
582 2158 685 2212 Datum
696 2157 853 2226 16666166,
873 2157 928 2211 VII
940 2155 1079 2209 16166666
1094 2154 1300 2223 1161166611·

72 2245 154 2292 oatus
165 2239 256 2290 nostri
267 2253 344 2290 anno
355 2244 440 2291 66616.

343 2350 444 2419 Ripoll,
465 2353 523 2407 deel
544 2353 565 2415 1,
585 2352 635 2406 blz.
657 2355 714 2416 391,
737 2364 766 2407 nr
786 2357 842 2408 265.
864 2352 1006 2419 (Potthust
1025 2352 1085 2405 deel
1102 2352 1136 2414 ll,
1156 2353 1205 2407 blz.
1226 2356 1298 2415 1451,

375 2445 403 2487 nr
416 2436 516 2499 11840.)
526 2464 560 2473 -
570 2434 618 2488 Zie
629 2434 733 2502 hooger
744 2452 809 2489 onze
822 2446 860 2488 6η
872 2440 913 2499 10,
926 2439 967 2499 10,
982 2438 1037 2498 102,
1052 2438 1099 2489 105
1112 2452 1147 2488 66
1159 2438 1214 2488 120.

650 2641 735 2711 137.

125 2834 230 2910 1260,
251 2833 357 2919 April
367 2832 425 2908 30,
447 2833 598 2918 Arruprez‘.
630 2834 689 2898 Bul
719 2852 782 2899 van
811 2833 997 2898 Alexander
1023 2833 1070 2898 IV
1097 2832 1300 2917 gerichttot

74 2935 117 3001 de
134 2936 316 3022 pauselijke
332 2935 543 3019 inquisiteurs
559 2936 618 3001 der
634 2935 950 3020 predikheerenorle
973 2936 1005 3000 in
1030 2937 1086 3000 het
1109 2934 1299 3021 koninkrijlr

73 3038 270 3126 Frankrijlr‚
286 3038 420 3124 waarbij
435 3037 479 3124 hij
494 3038 562 3103 hun
579 3037 706 3104 beveelt
719 3059 779 3104 aan
798 3039 837 3103 de
855 3037 1156 3103 berouwheobende
1173 3039 1300 3105 letters

75 3143 118 3208 (16
136 3145 366 3208 sacramenten
390 3141 448 3206 der
475 3139 584 3206 biecht
609 3163 648 3206 en
677 3141 735 3205 der
762 3142 941 3206 communie
967 3142 1032 3205 niet
1060 3149 1094 3206 16
1121 3142 1297 3226 weigemn,

76 3244 242 3311 alhoewel
260 3244 337 3311 deza
361 3265 422 3310 nan
439 3243 500 3310 den
519 3243 744 3331 wereldlijken
761 3243 892 3308 rechter
916 3248 1044 3309 moeten
1068 3243 1299 3327 overgeleverd

76 3347 229 3412 worden.
244 3382 286 3393 -
299 3348 382 3412 Deae
403 3345 576 3432 beslissing
592 3367 655 3411 van
674 3347 735 3412 den
754 3367 832 3431 paus
850 3346 939 3412 werd
956 3347 1035 3412 door
1059 3367 1118 3412 een
1136 3346 1300 3434 schrijven

76 3450 142 3516 der
155 3450 363 3534 inquisiteurs
375 3449 549 3534 nitgelokt.

112 3636 271 3691 Alexander
281 3636 429 3705 episcopus,
442 3653 535 3690 servus
545 3652 685 3690 servorum
698 3634 757 3697 Dei,
770 3635 875 3689 dilectis
891 3637 954 3689 filiis
968 3636 1098 3689 iratribus
1110 3636 1212 3689 ordinis
1224 3654 1299 3704 prae-

75 3720 237 3775 dicatorum
254 3719 459 3786 inquisitoribus
477 3719 628 3772 haereticae
644 3718 786 3786 pravitatis
802 3719 831 3772 in
847 3720 928 3773 terris
943 3720 1070 3786 subjectis
1086 3720 1207 3773 dominio
1219 3720 1300 3773 caris·

75 3802 146 3858 simi
162 3805 193 3856 in
210 3802 381 3863 cunundi
398 3803 483 3857 nostri
500 3803 573 3872 regis
584 3802 718 3856 Franciae
734 3802 847 3872 illustris
864 3803 998 3870 deputatis
1015 3804 1049 3855 ab
1066 3803 1213 3869 apostolica
1229 3803 1299 3864 sede,

75 3887 200 3939 salutem
212 3888 239 3938 61
249 3884 423 3951 apostolicam
435 3884 658 3939 benedictionem.

112 3966 208 4032 Super
220 3981 254 4018 eo
269 3965 340 4033 quod
351 3966 482 4033 scriptum
499 3966 617 4034 legitur:
632 3989 644 4009 u
659 3965 780 4019 Ecclesia
792 3965 860 4018 nulli
877 3966 980 4019 claudit
994 3964 1130 4033 gremium
1143 3963 1275 4025 redeunti,
1289 3987 1302 4008 n

74 4056 105 4106 61
123 4048 211 4102 alibi:
232 4070 244 4090 e
260 4047 305 4102 llii
323 4048 369 4115 qui
387 4053 446 4114 post
465 4048 662 4114 abjurationem
681 4048 781 4101 erroris
793 4049 836 4100 vel
853 4053 993 4114 postulem
1011 4066 1038 4099 se
1056 4046 1158 4114 proprii
1176 4044 1304 4098 antistitis

73 4131 285 4188 examinatione
302 4129 487 4197 purgaverint,
505 4130 664 4196 deprehensi
681 4130 784 4183 fuerint
801 4130 829 4182 in
847 4131 998 4197 abjuratum
1017 4129 1148 4183 haeresim
1166 4127 1301 4185 recidisse.

72 4209 201 4268 seculari
221 4211 406 4264 decernuntur
421 4210 535 4277 judicio,
557 4212 614 4263 sine
638 4212 694 4264 ullo
713 4212 852 4265 audientia
876 4212 983 4278 penitus
1004 4211 1192 4277 relinquendi3
1207 4234 1219 4255 n
1241 4226 1303 4261 cum

71 4295 235 4361 scriptume
252 4291 408 4360 hujusmodi
425 4294 569 4346 rideantur
585 4293 637 4345 sibi
657 4293 774 4345 invicem
791 4293 937 4355 adversari,
955 4293 1021 4360 quid
1037 4293 1182 4347 tenendum
1200 4291 1243 4354 611,
1257 4308 1305 4358 per

106 4560 146 4622 (1)
165 4557 206 4610 De
218 4554 354 4622 bisschop‚
368 4555 541 4609 ordinarius.
