3188 5408
716 453 816 506 ANNO
835 456 910 505 1460
1371 455 1419 507 359

178 609 256 647 rum
276 594 371 648 emulo
388 596 451 646 sunt
471 592 567 655 edocti,
586 591 731 646 husonibus
752 591 972 645 immundissimis
990 591 1084 659 utique
1103 592 1266 647 animalibus
1285 592 1417 647 diuturne

179 679 266 732 fame
279 677 409 731 cruciatis
418 677 548 730 edendam
561 677 681 738 tradunt,
692 682 719 730 et
731 681 851 730 extracto
860 677 993 743 sanguine
1004 677 1037 728 de
1048 693 1160 743 corpore
1170 676 1246 743 pueri
1256 675 1416 738 innocentis,

183 779 276 828 quem
291 761 315 813 si
326 761 415 814 valent
433 759 580 826 parricidio
601 764 706 820 necant,
720 760 846 825 pulueres
861 776 893 812 er
915 758 1058 812 husonibus
1078 763 1106 812 et
1125 763 1294 812 mortuorum
1315 759 1418 811 ossibus

182 842 324 896 incendio
334 842 458 896 resolutis
467 841 615 895 conficiunt
623 846 650 895 et
659 841 780 908 predicto
789 840 921 908 sanguine
929 843 1011 906 atque
1020 841 1178 894 menstruali
1189 841 1347 894 commixtos
1357 842 1419 895 illos

185 925 220 978 in
234 929 344 992 pastam
357 924 487 991 liquidam
499 927 616 986 vertunt,
631 923 701 975 unde
719 922 795 976 iuxta
808 921 920 989 presidis
932 922 973 974 sui
991 922 1204 988 dampnatissimi
1218 923 1371 977 institutum
1388 941 1417 977 se

187 1009 345 1076 inungant,
358 1011 384 1060 et
402 1007 473 1068 inde,
488 1011 517 1060 ut
534 1011 665 1068 asserunt,
679 1006 713 1058 ad
725 1007 844 1059 volatum
857 1011 884 1060 et
901 1006 1014 1060 celerem
1033 1006 1103 1059 aeris
1115 1006 1257 1060 transitum
1270 1006 1422 1058 redduntur

187 1092 306 1159 ydonei.
323 1089 484 1143 Huiusmodi
497 1089 583 1142 eciam
596 1088 754 1155 pulueribus
771 1088 959 1156 supersticiose
970 1091 1121 1143 abutuntur
1137 1090 1171 1142 ad
1190 1088 1333 1156 nepharios
1345 1093 1421 1142 actus

190 1172 424 1240 quamplurimos,
437 1177 502 1239 puta
514 1173 548 1225 ad
568 1173 678 1238 frugum
690 1171 855 1234 sterilitates,
868 1172 902 1224 ad
913 1171 984 1225 aeris
992 1171 1222 1234 obnubilaciones,
1233 1172 1267 1224 ad
1274 1171 1420 1239 grandines

192 1262 224 1312 et
236 1257 361 1310 tonitrua
372 1274 404 1308 ac
421 1256 496 1308 mille
513 1254 568 1307 alia
585 1254 736 1321 perniciosa
756 1260 783 1308 et
800 1254 906 1309 ciuitati
926 1272 1040 1321 superne
1060 1273 1169 1322 prorsus
1186 1255 1323 1309 contraria
1340 1273 1423 1324 opera

194 1338 390 1407 perpetranda.
405 1339 439 1390 Et
456 1354 518 1388 cum
533 1337 570 1400 hij
582 1334 755 1402 perditissimi
773 1336 895 1390 homines
910 1340 1030 1403 apostate
1041 1337 1198 1391 cristianam
1211 1337 1372 1405 religionem
1384 1338 1422 1391 ita

195 1439 256 1476 nou
280 1424 426 1474 vereantur
448 1421 583 1481 abdicem,
608 1421 792 1473 deuastantem
815 1420 943 1486 angelum
962 1420 1047 1482 Deum
1067 1437 1146 1473 suum
1164 1423 1287 1474 statuunt
1307 1438 1423 1488 eumque

196 1508 308 1572 ponunt
330 1504 481 1558 adiutorem
504 1522 583 1556 suum
603 1505 730 1571 illiusque
750 1507 906 1570 perpetuam
924 1504 1109 1556 reuerenciam
1131 1505 1292 1570 profitentur
1311 1510 1337 1558 et
1360 1523 1422 1558 curn

197 1586 310 1640 inferno
328 1586 430 1639 faciunt
448 1591 556 1652 pactum
569 1590 669 1639 etcum
681 1591 767 1640 morte
784 1585 880 1639 ineunt
896 1587 981 1639 fedus.
995 1585 1103 1650 Fuitne,
1121 1604 1212 1654 queso,
1232 1605 1351 1655 unquam
1363 1606 1422 1642 exe-

196 1668 341 1732 crabilior,
354 1668 583 1721 abhominabilior
594 1673 674 1735 atque
685 1669 870 1722 detestabilior
885 1669 974 1722 sectal

234 1792 296 1804 ......
312 1751 466 1818 Exsurgite,
477 1769 524 1804 vos
536 1750 672 1818 principes
684 1751 806 1804 cristiani
818 1755 845 1803 et
857 1750 968 1813 iudices,
979 1754 1006 1804 et
1018 1769 1127 1804 causam
1144 1752 1261 1818 proximi
1278 1754 1421 1809 defendite.

198 1833 371 1901 Disrumpite
383 1834 548 1899 perfidorum
564 1833 705 1886 homiuum
719 1832 902 1886 Vaudensium
914 1833 1013 1895 vincla,
1027 1837 1054 1887 et
1070 1851 1087 1886 a
1103 1835 1179 1887 vobis
1197 1834 1310 1901 proicite
1327 1835 1423 1904 iugum

197 1917 334 1984 ipsorum.
348 1915 402 1967 Vos
414 1915 474 1981 agri
488 1915 622 1968 Dominici
636 1933 766 1968 messores
778 1915 841 1968 estis
853 1920 879 1968 et
891 1915 945 1982 iam
963 1919 1070 1982 tempus
1087 1917 1179 1970 messis
1199 1917 1282 1971 adest.
1296 1918 1424 1986 Colligite

197 2015 270 2067 ergo
279 1997 381 2050 zizania
392 2003 419 2051 et
428 1998 540 2065 alligate
552 1998 638 2050 eciam
651 1996 795 2050 fasciculos
806 1998 840 2050 ad
852 1998 1064 2051 comburendum
1077 2003 1104 2052 et
1120 1999 1242 2053 triticum
1255 2000 1283 2053 in
1294 2001 1423 2054 horreum

196 2085 377 2151 congregate.
392 2083 557 2135 Mementote
568 2083 639 2148 quod
652 2099 706 2135 non
724 2080 781 2135 sine
795 2098 876 2134 causa
888 2082 1009 2150 gladium
1029 2082 1150 2149 portatis,
1172 2084 1217 2137 sed
1235 2084 1352 2138 ministri
1374 2084 1424 2139 Dei

195 2165 266 2221 estis
275 2164 394 2218 vindices
406 2164 435 2217 in
448 2165 517 2218 iram
530 2165 584 2229 hijs
603 2164 649 2230 qui
668 2165 739 2217 male
759 2168 853 2232 agunt.
867 2165 898 2218 In
910 2165 959 2217 hos
970 2182 1036 2230 ergo
1048 2164 1190 2233 religionis
1201 2166 1329 2220 cristiana
1340 2167 1421 2220 seuis·

195 2249 284 2303 simos
292 2248 381 2302 hostes
393 2246 535 2313 discipline
548 2250 635 2299 vestre
647 2264 741 2299 mucro
764 2245 883 2300 deseuiet
894 2250 929 2308 et,
943 2245 1129 2312 pestilentibus
1139 2247 1193 2312 hijs
1204 2248 1357 2315 flagellatis,
1370 2252 1422 2316 pijs

195 2332 370 2400 comparabit
384 2350 476 2399 pacem
496 2336 522 2383 et
540 2334 671 2383 terrorem
683 2329 802 2383 incuciet
813 2330 920 2396 impijs;
934 2330 1064 2396 scripturn
1082 2331 1181 2397 quippe
1201 2336 1259 2385 est:
1276 2333 1347 2391 Quia
1366 2350 1423 2385 non

194 2419 296 2468 statim
307 2422 404 2467 contra
415 2416 517 2477 impios
528 2415 620 2476 fertur
631 2415 771 2464 sentencia
783 2411 886 2480 absque
897 2411 956 2462 ullo
967 2415 1076 2474 timore,
1084 2420 1246 2481 perpetrant
1257 2414 1336 2466 male
1343 2432 1353 2478 ,·
1361 2431 1424 2483 pes-

194 2497 295 2551 tilente
306 2505 397 2550 autem
410 2496 562 2563 flagellato,
575 2495 675 2546 stultus
685 2497 843 2562 sapiencior
854 2497 914 2547 erit.

231 2582 296 2633 Non
316 2583 405 2632 autem
424 2578 476 2631 hoc
496 2576 611 2629 dixerim
629 2581 756 2642 tanquam
775 2575 906 2628 iudicium
919 2576 1060 2644 sanguinis
1079 2579 1225 2644 postulans,
1243 2578 1342 2646 quippe
1359 2578 1424 2646 quia

194 2663 253 2716 hec
265 2679 282 2714 a
293 2679 354 2713 mea
363 2659 527 2727 professione
537 2676 647 2726 prorsus
657 2658 793 2720 abhorret,
809 2675 870 2710 cum
880 2657 930 2710 sim
939 2659 972 2710 de
982 2662 1054 2711 sorte
1062 2659 1221 2713 sacerdotali
1231 2660 1330 2713 summi
1339 2679 1424 2715 sacer

197 2745 273 2800 dotis
284 2744 417 2806 minister,
431 2743 477 2810 qui
490 2760 543 2795 non
556 2742 615 2795 vult
627 2746 740 2795 mortem
753 2741 910 2808 peccatoris,
924 2742 969 2794 sed
982 2747 1012 2795 ut
1023 2741 1127 2795 iudices
1135 2743 1195 2810 paci
1207 2746 1234 2797 et
1242 2744 1323 2798 saluti
1332 2746 1423 2800 multi·

197 2826 305 2883 tudinis
316 2825 371 2879 sint
381 2825 515 2893 legittime
527 2824 613 2877 suncti
624 2823 715 2886 officio
728 2841 789 2876 cum
803 2823 958 2890 perdicione
969 2841 1127 2890 paucorum,
1138 2825 1160 2878 si
1178 2843 1245 2892 opus
1256 2826 1308 2891 sit3
1322 2829 1423 2895 prospi-

198 2910 277 2964 ciant
289 2909 317 2962 in
330 2908 443 2962 caritate
456 2925 509 2960 non
523 2907 586 2959 ficta
603 2906 770 2959 confidenter
790 2924 954 2959 commoneo.
969 2906 1125 2960 Resecande
1140 2912 1230 2961 autem
1242 2914 1305 2963 sunt
1316 2910 1424 2976 putride

198 3011 307 3055 carnes,
320 2997 347 3046 et
358 2992 479 3045 scabiosa
491 2990 551 3044 ouis
562 3008 579 3043 a
590 2990 676 3043 caulis
687 2990 862 3052 remouenda,
874 3007 907 3042 ne
919 2994 975 3043 tota
984 2992 1080 3043 domus
1089 3008 1176 3043 massa
1185 3008 1283 3058 corpus
1291 2996 1317 3046 et
1327 3010 1424 3060 pecora

198 3078 305 3138 ardeat,
319 3078 518 3141 corrumpatur,
537 3077 681 3140 putrescat,
703 3073 826 3126 intereat.
849 3074 952 3126 Auctor
974 3077 1016 3126 est
1037 3073 1216 3127 iheronimus.
1242 3074 1324 3128 Suam
1348 3075 1424 3128 illam

198 3145 328 3214 correxit¹
339 3156 508 3224 Augustinus
524 3151 698 3218 sentenciam,
718 3172 772 3220 qua
792 3154 899 3208 dixerat
918 3154 1052 3207 neminem
1064 3155 1099 3207 ad
1111 3154 1242 3208 unitatem
1255 3155 1357 3209 Christi
1368 3174 1425 3209 esse

199 3243 364 3312 cogendum,
377 3241 507 3306 illamque
518 3239 633 3293 asseruit
653 3257 706 3292 non
718 3237 966 3291 contradicencium
989 3237 1087 3300 verbis,
1112 3238 1158 3290 sed
1177 3231 1424 3291 demonstrancium

199 3328 357 3394 stuperatem
374 3341 431 3377 esse
448 3321 586 3388 exemplis
606 3321 678 3388 quia,
697 3320 794 3386 inquit,
814 3320 905 3387 legum
917 3324 1006 3372 terror
1016 3318 1055 3371 ita
1066 3319 1168 3385 profuit
1179 3323 1209 3371 ut
1220 3319 1299 3372 multi
1311 3319 1421 3373 dicant:

177 3394 182 3404 ⁹
200 3405 317 3463 (tracias
328 3404 453 3465 Domino,
466 3402 513 3470 qui
525 3402 616 3454 vincla
630 3394 722 3455 nostra
735 3401 859 3469 disrupit.
874 3401 972 3454 Nullus
983 3400 1078 3467 igitur,
1092 3405 1122 3453 ut
1142 3400 1213 3453 idem
1232 3400 1280 3463 ait,
1302 3405 1424 3456 nostrum

198 3489 262 3543 vult
272 3487 392 3554 aliquem
403 3485 552 3538 hereticum
566 3483 663 3550 perire,
685 3483 708 3534 si
730 3483 810 3536 aliter
829 3500 883 3536 non
906 3481 1045 3535 meruerit.
1066 3481 1172 3535 Habere
1189 3500 1282 3548 pacem
1299 3483 1425 3537 dominus

200 3566 294 3622 Dauid
306 3583 360 3619 uon
372 3570 485 3632 poterat,
500 3564 551 3617 nisi
564 3564 683 3618 Absalon
696 3562 837 3615 filiuseius
849 3562 877 3615 in
889 3562 969 3624 belle,
982 3562 1054 3627 quod
1071 3566 1165 3614 contra
1182 3566 1285 3628 patrem
1303 3563 1423 3629 gerebat,

199 3649 298 3704 fuisset
308 3646 450 3701 extinctus.
465 3646 512 3698 Sic
523 3646 636 3699 ecclesia
649 3645 791 3705 catholica,
807 3644 829 3696 si
841 3643 996 3710 aliquorum
1018 3643 1173 3710 perdicione
1190 3647 1292 3698 ceteros
1308 3644 1422 3713 colligit,

199 3731 325 3785 dolorem
336 3728 451 3782 materni
464 3733 541 3781 sanat
554 3727 643 3781 cordis
655 3732 794 3780 tantorum
807 3724 972 3779 liberacione
981 3725 1151 3791 populorum.

235 3810 331 3865 Nichil
342 3812 429 3864 fateor
439 3809 541 3863 clarius
553 3814 633 3875 atque
646 3807 782 3861 salubrius
800 3807 876 3860 vebis
893 3809 980 3873 potest
1002 3807 1129 3860 accedere
1147 3824 1236 3874 quam,
1250 3826 1314 3861 cum
1334 3826 1425 3862 rerum

201 3895 377 3966 publicarum
399 3893 483 3946 tutele
504 3891 670 3953 incumbitis,
683 3906 852 3957 summopere
876 3889 924 3942 Dei
947 3893 973 3942 et
993 3888 1105 3942 ecclesie
1125 3890 1254 3942 honorem
1275 3891 1426 3944 celebribus

201 3978 296 4034 zeletis
307 3976 438 4030 institutis
446 3981 473 4029 et
485 3993 530 4029 eos
542 3975 590 4041 qui
607 3974 689 4041 impie
701 3974 729 4026 in
741 3972 849 4026 diuinas
867 3973 941 4040 leges
960 3976 1054 4040 agunt,
1076 3989 1130 4025 non
1147 3989 1229 4039 agere
1245 3990 1278 4026 ex
1290 3973 1427 4028 sentencia

201 4059 310 4122 anatis,
324 4059 369 4111 sed
381 4058 616 4110 animaduersione
628 4057 712 4124 digna
724 4054 817 4108 diuine
829 4054 976 4108 maiestatis
988 4054 1016 4106 in
1028 4053 1174 4106 eosulcisci
1186 4053 1310 4118 iniuriae,
1318 4054 1427 4122 insuper

194 4147 232 4199 -et
249 4143 284 4195 ab
296 4157 390 4195 eorum
408 4140 562 4202 insoleneijs
580 4141 735 4190 sanctorum
753 4135 880 4188 ecclesias
897 4134 968 4186 tueri
986 4139 1013 4186 et
1029 4150 1147 4200 purgare
1164 4134 1198 4185 ab
1216 4133 1427 4201 inquinamentis

201 4243 310 4282 eorum.
329 4223 501 4283 Mementote,
521 4237 611 4287 queso,
631 4219 724 4286 priora
742 4219 813 4270 secla
829 4222 856 4271 et
873 4216 994 4269 virorum
1012 4215 1223 4268 clarissimorum
1240 4217 1428 4270 memorabilia

202 4326 256 4378 pro
268 4307 325 4360 zelo
342 4306 434 4372 legum
446 4307 522 4371 gesta
533 4307 596 4356 ante
608 4302 700 4355 oculos
718 4299 827 4354 statuite
844 4299 1008 4365 illorumque
1020 4297 1169 4351 imitatores
1186 4299 1251 4353 sacti
1262 4299 1291 4351 in
1303 4299 1354 4351 hac
1372 4303 1427 4352 tam

202 4390 284 4446 uberi
297 4387 481 4456 oportunitate
493 4385 673 4438 immortalem
686 4383 762 4437 vobis
771 4400 795 4436 cc
803 4382 895 4436 lestem
904 4379 1031 4434 similiter
1042 4384 1123 4447 atque
1135 4382 1309 4449 temporalem
1321 4398 1427 4450 compa·

203 4478 265 4531 rate
276 4472 402 4550 gloriam.
