3194 5408
303 479 351 533 tel
819 478 919 531 ANNO
938 481 1013 530 1418

337 623 377 675 23.
391 618 468 684 Item,
481 622 574 674 utrum
586 616 687 680 credat,
701 616 773 684 quod
792 618 818 671 b.
841 618 937 672 Petrus
955 616 1038 672 fuerit
1052 617 1171 673 vicarius
1184 619 1285 675 Christi
1297 618 1401 674 babens
1414 621 1535 687 potesta·

304 704 359 757 tem
371 702 475 771 ligandi
488 705 515 755 et
526 700 648 755 solvendi
660 705 862 768 superterram.

335 788 376 838 24.
389 785 466 846 Item,
485 787 579 837 utrum
599 783 700 846 credat,
714 784 785 850 quod
805 800 874 850 papa
891 782 1021 838 canonice
1038 785 1149 849 electus,
1163 785 1211 853 qui
1230 805 1279 854 pro
1302 794 1427 858 ternpore
1448 791 1537 846 merit

301 869 359 936 ejus
375 867 485 920 nomine
506 867 615 933 proprio
637 883 769 934 expresso,
783 867 816 920 sit
837 884 974 920 successor
994 868 1019 920 b.
1041 868 1115 922 Petri
1136 870 1238 924 habens
1260 890 1416 939 supremam
1439 880 1535 929 aucto·

301 952 410 1007 ritatem
423 951 452 1004 in
464 952 578 1004 ecclesia
591 951 649 1004 Dei.

335 1039 375 1088 25.
400 1035 477 1096 item,
502 1040 594 1088 utrum
615 1035 708 1088 credat
729 1034 918 1088 auctoritatem
935 1034 1135 1102 jurisdictionis
1159 1054 1255 1104 papae,
1280 1038 1483 1109 archiepiscopi
1509 1046 1539 1095 ct

302 1117 421 1184 episcopi
441 1117 471 1169 in
493 1118 621 1171 solvendo
633 1121 660 1171 et
679 1117 790 1184 ligando
806 1135 862 1171 osse
879 1120 1010 1184 majorem
1033 1119 1196 1173 auctoritate
1220 1120 1351 1188 simplicis
1370 1125 1535 1187 sacerdotis,

305 1203 388 1257 etiam
400 1201 421 1254 si
435 1219 529 1255 curam
541 1200 694 1254 animarum
707 1201 815 1255 habeat.

339 1289 378 1338 26.
393 1285 470 1346 Item,
484 1288 576 1337 utrum
589 1286 690 1347 credat,
707 1285 779 1351 quod
796 1301 865 1351 papa
885 1284 1011 1337 omnibus
1032 1285 1187 1339 christianis
1204 1304 1266 1339 vere
1286 1286 1412 1340 contritis
1424 1295 1453 1341 et
1470 1307 1536 1341 con·

305 1368 381 1423 fessis
392 1386 424 1421 ex
436 1385 518 1420 causa
529 1367 575 1434 pia
586 1371 613 1420 et
620 1369 695 1434 justa
714 1368 797 1433 possit
818 1368 964 1420 concedere
985 1367 1168 1434 indulgentias
1186 1367 1214 1420 in
1231 1368 1419 1422 remissionem
1439 1387 1536 1436 pecca·

304 1454 404 1512 torum,
429 1447 546 1501 maxime
564 1447 609 1514 pia
628 1448 688 1499 loca
707 1447 879 1500 visitantibus
902 1452 929 1499 et
946 1447 1011 1513 ipsis
1030 1464 1127 1499 manus
1149 1464 1210 1499 suas
1230 1450 1435 1517 porrigentibus
1456 1453 1536 1518 adju·

304 1531 395 1587 trices.
410 1531 444 1584 Et-
460 1535 552 1584 utrum
573 1531 673 1590 credat,
692 1530 763 1595 quod
784 1548 818 1582 ex
839 1530 888 1582 tali
911 1529 1083 1582 concessione
1105 1529 1246 1583 visitantes
1265 1532 1392 1586 ecclesias
1416 1533 1490 1600 ipsas
1508 1539 1538 1588 et

305 1632 402 1669 manus
414 1613 561 1684 adjutrices
572 1612 791 1679 eisporrigentes
802 1612 957 1680 hujusmodi
971 1611 1155 1679 indulgentias
1167 1616 1293 1679 consequi
1307 1615 1419 1682 possint.

338 1701 378 1751 27.
392 1697 469 1758 Item,
483 1700 574 1750 utrum
587 1696 688 1756 credat,
702 1696 774 1761 quod
791 1695 892 1762 singuli
913 1694 1030 1761 episcopi
1052 1696 1107 1747 suis
1127 1697 1241 1749 subditis
1261 1698 1410 1750 secundum
1432 1698 1535 1752 limita·

307 1780 408 1835 tionem
421 1795 560 1832 sacrorum
572 1795 706 1831 canonum
719 1777 873 1845 hujusmodi
888 1777 1070 1846 indulgentias
1082 1780 1228 1833 concedere
1240 1780 1350 1846 possint.

339 1864 380 1914 28.
394 1861 471 1923 Item,
485 1865 578 1913 utrum
590 1861 683 1914 credat
699 1865 726 1914 et
743 1867 845 1914 asserat
862 1860 967 1914 licitum
979 1878 1036 1914 esse
1048 1865 1204 1915 sanctorum
1216 1862 1346 1929 reliquias
1357 1868 1385 1917 et
1395 1863 1535 1932 imagines

307 1960 324 1997 a
336 1942 437 1997 Christi
449 1943 574 1996 fidelibus
586 1943 719 1997 venerari.

338 2028 380 2078 29.
393 2025 470 2087 Item,
483 2029 576 2078 utrum
585 2024 686 2084 credat,
700 2025 771 2089 quod
783 2040 852 2090 papa
863 2024 905 2076 vel
918 2022 988 2075 alius
1000 2023 1136 2089 praelatus
1148 2023 1265 2090 propriis
1276 2023 1434 2078 nominibus
1446 2043 1534 2093 papae

309 2123 359 2174 pro
370 2112 491 2173 tempore
502 2103 634 2172 expressis
645 2104 688 2157 vel
699 2104 819 2170 ipsorum
832 2104 928 2157 vicarii
940 2103 1042 2171 possint
1057 2122 1136 2157 suum
1157 2106 1294 2160 subditum
1316 2107 1533 2161 ecclesiasticum

309 2187 365 2242 sive
385 2189 551 2241 saecularem
569 2190 679 2254 propter
698 2185 908 2239 inobedientiam
925 2186 981 2238 sive
1001 2187 1201 2240 contumaciam
1228 2190 1476 2254 excommunicare,
1495 2191 1534 2245 ita

309 2270 381 2337 quod
393 2269 455 2323 talis
468 2286 517 2337 pro
528 2270 761 2323 excommunicato
771 2269 807 2322 sit
818 2269 965 2322 habendus.

340 2356 380 2406 ³0.
394 2353 471 2414 Item,
486 2356 576 2405 utnim
595 2354 696 2414 credat,
715 2353 795 2417 quod,
818 2350 1001 2404 inobedientia
1018 2351 1076 2404 sine
1096 2354 1268 2406 contumacia
1284 2354 1532 2409 excommunicato·

311 2452 373 2489 rum
391 2439 536 2498 crescente,
555 2436 670 2502 praelati
687 2436 730 2488 vel
747 2453 840 2488 eorum
861 2434 957 2488 vicarii
978 2435 1007 2488 in
1024 2435 1211 2502 spiritualibus
1234 2437 1352 2491 habeant
1369 2443 1533 2505 potestatem

309 2516 477 2585 aggravandi
489 2516 735 2584 etreaggravandi,
750 2516 924 2570 interdictum
947 2517 1062 2583 ponendi
1083 2522 1110 2571 et
1130 2517 1272 2571 brachium
1295 2520 1437 2574 saeculare
1456 2520 1531 2574 inro-

309 2599 398 2662 candi,
412 2604 439 2653 ct
451 2599 522 2665 quod
534 2598 592 2651 illic
604 2599 724 2651 censuris
735 2616 784 2665 per
795 2598 936 2651 inferiores
947 2599 982 2652 sit
993 2600 1182 2653 obediendum.

339 2685 380 2735 ³1.
393 2681 471 2743 Item,
484 2685 578 2734 utrum
589 2682 690 2741 credat,
703 2681 774 2747 quod
792 2697 861 2748 papa
877 2681 920 2733 vel
937 2680 985 2734 alii
1003 2682 1118 2747 praelati
1136 2688 1163 2735 et
1180 2700 1274 2736 eorum
1286 2683 1384 2736 vicarii
1402 2683 1433 2736 in
1452 2683 1532 2752 spiri·

307 2763 427 2816 tualibus
448 2763 564 2817 habeant
588 2767 744 2829 potestatem
777 2764 926 2815 sacerdotes
949 2766 974 2815 et
997 2762 1081 2816 laicos
1101 2763 1284 2818 inobedientes
1307 2770 1333 2819 et
1356 2770 1534 2820 contumaces

308 2844 569 2907 excommunicandi,
581 2846 615 2897 ab
627 2845 724 2906 officie,
733 2845 873 2907 beneficio,
883 2845 1005 2912 ingressu
1017 2845 1146 2900 ecclesiae
1158 2851 1185 2900 et
1196 2847 1433 2902 administratione
1446 2850 1533 2903 eecle-

308 2927 479 2981 siasticorum
491 2931 720 2980 sacramentorum
732 2927 920 2993 suspendendi.

339 3014 380 3063 32.
405 3010 482 3070 Item,
504 3017 596 3062 utrum
619 3011 719 3071 credat,
744 3010 816 3076 quod
838 3009 918 3062 liceat
941 3010 1061 3076 personis
1083 3011 1272 3064 ecclesiasticis
1293 3013 1395 3079 absque
1418 3019 1535 3081 peccato

307 3091 494 3159 hujusmundi
507 3092 606 3144 habere
619 3092 795 3158 possessiones
807 3097 832 3145 et
846 3093 915 3144 bona
927 3093 1095 3159 temporalia.

337 3179 378 3229 33.
392 3174 468 3236 Item,
481 3177 574 3227 utrum
586 3175 687 3234 credat,
707 3173 778 3240 quod
796 3173 873 3226 laicis
890 3173 949 3240 ipsa
967 3175 1001 3227 ab
1018 3174 1057 3227 eis
1077 3175 1184 3228 auferre
1201 3179 1330 3242 potestate
1348 3177 1464 3244 propria
1478 3197 1535 3234 non

305 3257 395 3319 liccat,
419 3256 474 3308 imo
494 3257 565 3321 quod
585 3255 624 3307 sic
644 3256 804 3314 auferentes.
824 3255 947 3308 tollentes
965 3259 991 3309 et
1008 3255 1164 3310 invadentes
1181 3258 1252 3311 bona
1268 3258 1327 3325 ipsa
1344 3259 1536 3315 ecclesiastica

305 3341 360 3394 sint
377 3344 514 3405 tamquam
531 3337 657 3404 sacrilegi
675 3337 814 3403 puniendi,
827 3337 909 3391 etiam
926 3337 948 3390 si
966 3339 1037 3392 male
1048 3339 1170 3394 viverent
1187 3357 1316 3407 personae
1328 3341 1535 3398 ecclesiasticae

307 3424 378 3477 bona
387 3420 544 3489 hujusmodi
556 3418 728 3486 possidentes.

340 3507 470 3567 saltem,
490 3508 582 3558 utrum
603 3504 703 3566 credat,
716 3503 788 3570 quod
805 3503 961 3570 hujusmodi
978 3503 1079 3558 ablatio
1095 3509 1122 3559 et
1138 3504 1243 3558 invasio
1260 3504 1424 3571 cuicumque
1443 3523 1535 3561 sacer·

309 3590 375 3653 doti,
389 3589 471 3643 ctiam
487 3588 558 3641 male
581 3585 691 3649 viventi,
704 3590 805 3640 temere
821 3587 865 3639 rel
881 3585 1014 3639 violenter
1030 3587 1102 3640 facta
1123 3588 1166 3641 vel
1182 3587 1259 3641 illata
1270 3587 1402 3641 inducant
1419 3589 1536 3643 sacrile-

306 3688 392 3740 grum.

339 3757 379 3806 ³5.
393 3752 469 3814 Item,
492 3755 585 3805 utrum
606 3750 706 3812 credat,
727 3750 798 3816 quod
821 3749 902 3803 liceat
921 3749 998 3803 laicis
1016 3750 1158 3818 utriusque
1177 3768 1264 3814 sexus,
1286 3750 1352 3804 viris
1373 3750 1485 3807 scilicet
1507 3758 1538 3807 et

305 3833 475 3897 mulieribus,
489 3833 573 3886 libere
586 3831 743 3899 praedicare
756 3834 868 3885 verbum
880 3832 938 3885 Dei.

339 3919 379 3969 36.
393 3916 469 3979 Item,
483 3919 575 3968 utrum
594 3914 695 3974 credat,
709 3914 781 3979 quod
801 3913 916 3981 singulis
936 3914 1119 3967 sacerdotibus
1138 3914 1219 3968 liceat
1239 3913 1395 3981 praedicare
1414 3918 1537 3972 verbum

307 3997 366 4056 Dei,
380 3997 545 4061 ubicumque
556 4000 583 4050 et
594 3997 818 4063 quandocumque
831 3996 971 4063 placuerit,
985 3995 1067 4049 etiam
1080 3996 1102 4048 si
1115 4013 1169 4049 non
1180 3997 1234 4049 sint
1245 3996 1328 4050 missi.

340 4084 381 4134 37.
402 4081 480 4143 Item,
503 4084 595 4133 utrum
614 4079 715 4140 credat,
729 4080 801 4145 quod
821 4078 913 4131 omnia
930 4083 1040 4144 peccata
1057 4079 1209 4132 mortaliter
1224 4082 1252 4132 et
1271 4078 1428 4146 specialiter
1445 4080 1536 4133 mani·

307 4165 374 4217 festa
385 4162 439 4216 sint
450 4162 557 4230 publice
569 4160 730 4228 corrigenda
742 4164 768 4214 et
780 4160 945 4227 extirpanda.

340 4245 472 4299 Volumus
484 4243 595 4310 insuper
608 4259 640 4293 ac
652 4241 794 4294 statuimus
810 4246 836 4294 et
853 4240 1030 4303 decernimus,
1042 4243 1112 4307 quod
1125 4240 1147 4293 si
1165 4242 1224 4306 quis
1236 4257 1284 4307 per
1295 4245 1427 4294 secretam
1448 4242 1536 4295 infor

309 4327 456 4382 mationem
469 4343 517 4392 per
528 4343 575 4378 vos
593 4323 776 4389 recipiendam
789 4325 829 4375 vel
842 4323 909 4375 alias
926 4329 1047 4390 repertus
1064 4324 1147 4377 fuerit
1163 4324 1308 4377 infamatus
1325 4342 1371 4377 seu
1390 4333 1537 4392 suspectus

308 4413 342 4465 de
352 4427 523 4478 quacumque
535 4408 623 4475 speeie
635 4406 753 4459 haeresis
766 4407 907 4473 pestiferae
918 4411 1005 4459 sectae
1016 4407 1059 4460 vel
1071 4408 1210 4460 doctrinae
1221 4408 1403 4474 pestilentium
1415 4409 1536 4464 loannis

307 4492 429 4556 Wicletf,
442 4490 555 4545 loannis
573 4490 645 4542 Husz
664 4493 690 4543 et
712 4488 868 4556 Hieronymi
887 4489 920 4542 dc
937 4489 1027 4557 Praga
1045 4488 1295 4543 haeresiarcharum
1314 4491 1533 4557 praedictorum,
