3194 5408
328 517 377 571 334
785 514 994 580 ANN01452,
1015 516 1089 570 1453

328 657 571 744 godlasteraars
586 679 627 725 en
644 657 973 725 duivelkunstenaars
996 658 1101 743 zijner
1123 656 1242 724 landen
1267 658 1437 746 vervolgt,
1463 679 1561 727 over-

329 761 533 847 eenkomstig
549 767 614 828 met
630 762 715 848 zijne
731 761 875 848 pliohten
891 764 941 828 als
957 761 1159 849 christelijke
1175 766 1276 828 vorst.

363 950 521 1016 Dejectitia
533 947 642 1001 domini
654 949 747 1002 Ducis.
768 950 899 1015 Equidem
916 950 1064 1018 justitiam,
1076 965 1126 1016 per
1141 965 1224 1015 quam
1236 965 1315 1016 reges
1333 955 1461 1019 regnant
1472 955 1500 1005 ct
1512 967 1562 1016 pro

328 1032 460 1088 tribunali
481 1031 603 1085 sedentes
622 1040 696 1084 recta
716 1033 866 1085 decernunt
883 1033 998 1100 judicia,
1018 1036 1176 1099 prosecutus
1193 1031 1410 1099 gloriosissimus
1433 1032 1563 1101 princeps

328 1115 377 1183 qui
388 1131 436 1167 vos
446 1113 551 1180 genuit,
564 1112 707 1166 devotione
725 1115 837 1178 intenta,
853 1114 983 1182 oiuclyte
1000 1115 1135 1181 princeps,
1148 1129 1245 1180 precor
1255 1113 1285 1167 in
1297 1113 1461 1181 exemplum
1472 1114 1562 1180 trahi3

329 1213 446 1263 namque
465 1212 493 1248 se
512 1194 735 1262 omnitempore,
760 1196 805 1248 cui
825 1195 917 1250 debito
940 1198 1050 1251 nomine
1070 1195 1241 1263 astringitur,
1263 1195 1321 1249 Dec
1344 1196 1491 1251 conditori
1512 1213 1561 1251 suo

329 1281 479 1347 supplicem
506 1278 638 1339 exhibuit,
663 1296 733 1345 quae
755 1280 789 1331 ad
813 1279 956 1346 religionis
984 1278 1183 1333 observantiam
1204 1285 1252 1333 aut
1276 1294 1424 1333 sacrorum
1447 1297 1561 1334 suorum

328 1363 511 1417 conditionem
533 1362 700 1429 pertinerent
721 1378 860 1428 uunquam
878 1364 978 1418 omisit.
992 1361 1053 1424 Qua
1065 1361 1098 1414 de
1108 1378 1139 1416 re
1150 1361 1224 1429 leges
1235 1362 1320 1415 sacris
1337 1360 1561 1416 christianorum

329 1446 509 1500 observantiis
524 1454 706 1513 congruentes
724 1446 834 1512 publico
850 1446 991 1499 sanctione
1008 1444 1137 1500 firmavit.
1154 1446 1279 1499 Caeteras
1294 1460 1363 1498 vero
1380 1443 1454 1511 quia
1470 1445 1562 1498 forsan

330 1533 359 1584 in
371 1530 551 1597 perditionem
568 1531 722 1583 animarum
745 1539 891 1597 vergerent
913 1537 961 1583 eut
983 1528 1112 1596 religioni
1135 1544 1200 1583 suae
1221 1528 1396 1591 obsisterent,
1423 1526 1561 1583 catholico

329 1611 428 1665 affectu
445 1611 600 1676 damnavit3
619 1611 770 1665 haereticos
782 1629 813 1664 ac
826 1612 859 1665 de
870 1612 997 1679 dogmate
1009 1628 1135 1679 perverso
1153 1610 1306 1678 increpatos
1317 1616 1459 1677 tanquam
1473 1626 1561 1665 sacro·

330 1713 392 1749 rum
409 1695 499 1749 hostes
518 1696 631 1750 ecclesie
651 1695 842 1761 relinquendos
862 1695 1053 1762 mandavit3...
1075 1695 1185 1749 divinae
1200 1696 1352 1761 majestatis
1373 1695 1563 1764 blasphemos,

330 1778 494 1832 daemonum
514 1777 684 1832 invocatores
695 1782 722 1832 et
732 1778 766 1830 de
778 1778 879 1831 suturis
890 1782 1083 1844 conjectantes,
1095 1793 1163 1844 quos
1174 1776 1342 1831 divinatores
1354 1794 1560 1847 nuncupamus,

330 1861 456 1916 sollerter
468 1862 581 1928 respuit.

591 1960 644 2013 Jan
665 1958 802 2022 Germain,
816 1960 861 2013 Ad
878 1958 1110 2012 Kodrelesioncm
1128 1962 1253 2012 comitem
1271 1957 1344 2012 liber
1359 1958 1397 2013 de
1409 1957 1562 2011 virtutibus

622 2044 669 2094 sui
676 2045 814 2109 genitoris
827 2040 967 2110 Philippi,
982 2042 1167 2110 Burgundios
1178 2048 1203 2094 et
1214 2041 1394 2096 Brabontiae
1408 2042 1502 2106 ducit,
1511 2041 1563 2094 den

625 2128 640 2177 2
652 2123 804 2177 November
818 2126 881 2178 1452
894 2141 946 2176 aen
957 2124 1010 2178 den
1016 2130 1121 2192 jongen
1133 2128 1207 2177 voret
1218 2123 1359 2191 gezonden
1371 2125 1418 2178 uit
1428 2123 1561 2187 Chelone

623 2206 788 2275 uitgegeven
799 2207 867 2259 door
879 2205 989 2274 Kervyn
1001 2208 1035 2261 de
1048 2206 1224 2271 Lettenhove,
1240 2205 1419 2278 carentque,
1430 2206 1562 2261 relatives

626 2291 789 2342 dl'liistoire
801 2290 834 2341 dc
851 2289 880 2341 lo
892 2289 1027 2359 Belgicae
1044 2306 1108 2343 sous
1127 2291 1156 2342 lo
1173 2289 1351 2344 deminution
1371 2290 1425 2343 des
1444 2291 1514 2344 duce
1531 2289 1564 2341 dc

624 2372 790 2439 Bourgogne
802 2374 896 2436 (textas
908 2371 1009 2436 latins),
1023 2371 1083 2426 deel
1097 2373 1145 2436 Ill,
1158 2372 1209 2426 blz.
1219 2377 1244 2426 9.
1254 2400 1288 2410 -
1296 2372 1312 2426 J
1315 2390 1352 2426 an
1362 2372 1501 2428 Germain
1509 2389 1563 2426 vias

626 2452 771 2504 ruadsheer
788 2470 841 2505 van
863 2453 914 2505 den
938 2451 1047 2520 hertog,
1072 2453 1209 2507 kanselier
1231 2454 1279 2507 der
1302 2453 1562 2516 Guldenvliasorde,

625 2535 799 2589 biechtvader
814 2536 863 2588 der
880 2535 1010 2603 hertogin
1030 2536 1144 2589 lsabella
1161 2553 1214 2590 van
1231 2536 1378 2604 Portugal.
1392 2547 1497 2606 gerant
1513 2554 1564 2589 van

624 2618 677 2671 den
694 2617 791 2685 hertog
806 2635 840 2684 op
856 2617 903 2671 het
919 2617 1041 2671 Concilie
1053 2635 1105 2671 van
1119 2619 1199 2672 Bazel
1212 2637 1245 2673 en
1258 2636 1293 2687 op
1304 2619 1354 2672 dat
1365 2637 1424 2673 van
1437 2621 1563 2680 Ferraria,

624 2717 658 2752 en
680 2701 824 2753 voorzitter
845 2717 898 2753 van
920 2701 971 2753 den
995 2700 1072 2753 Raad
1096 2717 1148 2754 van
1171 2700 1279 2768 Philips
1300 2717 1355 2755 van
1378 2703 1562 2770 Bourgondie

625 2788 751 2850 geweest.
765 2784 809 2848 Hij
823 2784 903 2836 stiers
916 2784 956 2836 als
970 2783 1096 2850 bissehcp
1109 2789 1135 2838 te
1148 2783 1266 2839 Chelone
1277 2785 1330 2839 den
1345 2785 1472 2840 2Maart
1485 2789 1560 2841 1460·

624 2865 681 2933 (Zia
693 2866 824 2932 Kervyn’s
834 2866 1048 2929 Introduction.)

895 3069 990 3137 294.

385 3260 485 3339 1453,
503 3259 606 3346 April
630 3259 685 3338 10,
705 3260 822 3326 Rome.
841 3261 901 3325 Bul
926 3279 989 3326 van
1013 3258 1169 3328 Nikolaae
1194 3259 1237 3338 V,
1266 3259 1400 3345 gericht
1425 3264 1479 3328 101
1503 3261 1564 3326 den

331 3363 527 3450 predikheer
545 3362 672 3429 Roland
688 3362 719 3428 le
736 3362 839 3441 Casio,
860 3362 996 3451 waarbij
1015 3363 1060 3450 hij
1080 3363 1182 3430 dezen
1199 3362 1248 3429 als
1265 3363 1471 3447 inquisiteur
1489 3383 1568 3430 over

333 3467 390 3532 het
404 3465 595 3553 koninkrijk
611 3463 789 3553 Frankrijk
805 3467 959 3532 aanstelt.
979 3504 1023 3515 -
1046 3468 1091 3531 De
1117 3486 1199 3552 paus
1222 3464 1377 3532 benoemt
1408 3467 1490 3533 hem
1521 3471 1567 3534 tot

332 3568 585 3634 kettermeester
601 3589 679 3634 over
696 3568 750 3634 dat
763 3569 955 3656 koninkrijk
972 3574 1037 3635 met
1050 3569 1089 3634 de
1107 3588 1244 3654 gavone
1262 3569 1436 3647 mochten,
1461 3588 1515 3635 cm
1530 3570 1568 3635 de

333 3670 569 3759 gebruikelijke
596 3669 731 3737 straffen
756 3676 809 3736 tce
834 3677 867 3737 te
891 3692 1007 3756 possen
1024 3673 1094 3738 niet
1110 3673 1217 3740 alleen
1234 3676 1334 3757 tegen
1353 3671 1397 3736 de
1422 3672 1565 3752 kettcrs,

332 3795 424 3839 maar
447 3773 508 3839 ooli
536 3779 633 3860 tegen
662 3774 757 3840 alvia
784 3794 820 3839 aa
843 3774 1070 3856 ondersteunt,
1096 3776 1193 3863 hetzij
1220 3795 1256 3841 ze
1284 3776 1515 3862 geestelijken
1538 3775 1573 3842 oi

334 3876 461 3956 leeken‚
480 3897 620 3943 mannen
638 3876 674 3942 of
693 3897 851 3944 vrouwen
881 3879 1033 3944 mochten
1058 3879 1136 3966 siju,
1157 3878 1239 3945 doch
1266 3878 1394 3943 zouder
1428 3879 1570 3946 inbreuk

335 3983 368 4045 te
385 4000 501 4065 mugen
518 3980 635 4046 maken
653 4000 692 4065 op
710 3979 748 4045 de
765 3981 875 4046 maoht
891 4000 954 4047 van
979 3981 1100 4048 andere
1124 3982 1204 4048 door
1228 3981 1290 4048 den
1315 4001 1403 4065 paus
1428 3983 1469 4050 of
1492 3984 1571 4050 door

335 4082 479 4150 anderen
492 4083 703 4168 aengestelde
720 4082 946 4168 inquisiteurs

370 4266 499 4321 Nicolaus
510 4266 659 4335 episcopus,
672 4286 764 4323 servus
773 4286 912 4323 servorum
924 4268 983 4332 Dei,
993 4269 1092 4323 dilecto
1104 4269 1162 4323 tilio
1174 4269 1299 4324 Rolando
1310 4269 1347 4323 de
1360 4270 1457 4337 Coeia,
1471 4273 1572 4328 ordinis

337 4348 670 4486 {reztggfflgdlilcatorum
687 4351 840 4419 professori,
858 4352 888 4406 iu
904 4351 1042 4420 theologia
1058 4351 1198 4420 magistro,
1216 4351 1333 4407 salutem
1345 4360 1374 4410 et
1392 4360 1573 4426 apostolicam

371 4514 576 4571 considerantes
596 4522 659 4573 tuae
678 4516 917 4586 circumpectionis
940 4517 1102 4576 industriam
1122 4520 1152 4575 in
1174 4519 1269 4576 multis
1288 4525 1319 4578 et
1342 4523 1447 4582 arduis
1469 4527 1574 4597 saepius
