3194 5408
706 520 806 576 ANNO
825 526 900 576 1498
1356 522 1403 573 491

177 643 270 708 liam
285 659 371 717 dixit
379 663 451 731 quod
460 665 550 717 minus
561 663 663 717 malum
676 666 716 716 est
724 660 901 716 homicidium
912 678 993 730 quam
1005 665 1144 730 peccatum
1157 658 1254 714 carnis.

180 725 236 782 Μ
252 735 415 812 loquendo
426 745 461 799 de
471 745 605 814 89991919
614 761 707 798 eorum
727 744 875 797 secundum
892 744 1008 811 speciem
1027 747 1207 811 peccatomm,
1220 742 1297 808 (haec
1308 741 1401 807 dictio)

165 806 341 879 14111111ὶΙοετι
350 831 391 881 est
401 827 477 889 falsa,
491 828 621 893 praebens
630 825 798 879 occasionem
808 825 957 888 homicidii,
970 825 1130 892 reparanda,
1140 823 1163 876 si
1175 827 1225 878 etc.

184 889 329 964 Quinta,
343 909 378 964 Se
394 915 442 964 tou
458 914 523 962 cure
540 926 575 963 ou
587 926 678 963 aucun
688 912 791 976 prestre
803 907 924 962 tiennent
935 909 1046 961 femmas
1062 924 1097 960 on
1108 906 1181 959 leurs
1198 904 1323 968 maisons,
1336 921 1404 958 vous

165 972 236 1028 im
262 990 349 1048 aller
359 1010 394 1048 99
405 993 466 1046 leur
475 992 581 1046 maison
592 997 618 1046 et
630 1009 679 1060 par
695 993 769 1045 force
781 990 848 1045 tirer
858 991 886 1045 la
903 992 1000 1045 semme
1017 1007 1052 1044 ou
1070 992 1222 1045 autrement
1238 987 1401 1042 confusible·

165 1059 230 1114 ¹⁰⁰³ss
244 1063 333 1130 hors
343 1077 377 1131 de
387 1093 418 1130 sa
428 1075 541 1130 maison.

183 1138 304 1232 msa,
324 1159 490 1221 scandalosa,
509 1156 649 1222 utriusque
662 1155 863 1225 jurisdictionis
883 1154 1020 1223 pohticae,
1039 1153 1235 1209 ecclesiasticae
1258 1153 1362 1207 scilicet
1376 1156 1405 1207 et
1423 1212 1428 1233 ι

171 1218 262 1281 ⁰th
277 1238 480 1305 perturbativa,
497 1238 585 1292 errori
608 1238 792 1292 Bohemorum
804 1236 1003 1291 haereticorum
1016 1237 1116 1301 favens,
1130 1236 1237 1304 pubhce
1253 1233 1405 1289 revocanda

174 1304 249 1360 aa
264 1323 434 1390 apamen,
446 1323 469 1375 9
483 1322 567 1375 suern
578 1320 741 1388 praedicata.

195 1379 307 1472 taem,
320 1405 358 1459 Le
371 1404 453 1458 ohant
463 1405 497 1457 de
507 1402 631 1468 musique
643 1419 695 1468 que
707 1419 743 1455 on
754 1401 852 1455 chante
868 1401 993 1455 aNostre
1006 1401 1099 1463 Dama,
1112 1401 1177 1453 n’est
1188 1415 1241 1466 que
1251 1399 1285 1453 de
1295 1398 1403 1466 paillar·

181 1461 278 1560 111191
285 1484 459 1551 pmvocation
469 1485 503 1537 de
514 1481 679 1550 paillardise.

208 1544 358 1622 hcetnon
377 1565 518 1620 laudemus
535 1568 630 1618 cautus
647 1563 761 1617 lascivos
780 1567 807 1617 et
823 1563 978 1626 theatrales,
997 1563 1020 1616 si
1039 1563 1069 1616 in
1087 1563 1179 1629 aliqua
1194 1561 1307 1617 ecclesia
1327 1561 1402 1624 fiant,

186 1625 327 1704 laudtaurus
342 1655 433 1705 199999
449 1651 477 1702 91
488 1648 632 1714 probamus
643 1646 760 1699 musicos
771 1648 866 1699 cantus
879 1645 908 1698 in
918 1645 1032 1699 ecclesia
1043 1645 1104 1700 fieri
1115 1645 1215 1707 solitos,
1229 1643 1357 1712 populum
1369 1642 1404 1695 ad

188 1703 353 1807 delotionem
363 1731 520 1797 incitantes3
531 1734 559 1785 et
566 1730 637 1784 hanc
648 1734 748 1784 sextam
762 1729 972 1797 propositionem
985 1729 1024 1784 sic
1033 1728 1231 1791 universaliter,
1242 1726 1405 1796 generaliter

188 1791 213 1843 ei
229 1811 382 1891 indistincte
399 1814 532 1881 loquendo
550 1813 665 1866 dicimus
688 1812 881 1873 scandalosam,
907 1812 1003 1865 falsam
1026 1811 1095 1866 ritui
1120 1810 1247 1865 ecclesiae
1267 1812 1294 1864 et
1312 1824 1405 1862 sacrae

190 1882 335 1956 thtuae
347 1895 483 1951 dissonam
494 1913 527 1949 ac
538 1899 743 1963 repugnantem,
758 1893 889 1947 haeresim
898 1893 1056 1961 sapientem,
1067 1894 1250 1962 blasphemam
1259 1891 1288 1944 in
1297 1889 1403 1944 univer·

190 1961 280 2112 Q
292 1978 431 2033 ecclesiam
448 1982 477 2033 et
495 1978 525 2031 in
537 1977 735 2032 'tornacensem
759 1974 928 2045 injuriosam,
948 1976 1055 2043 publice
1077 1975 1263 2043 reparandam,
1284 1974 1308 2028 si
1323 1975 1406 2030 fuerit

227 2134 338 2210 Septima
357 2141 513 2211 propositio.
528 2142 565 2195 Le
585 2159 634 2209 roy
651 2141 693 2195 n’a
711 2139 787 2208 point
804 2140 893 2193 donne
910 2141 948 2193 les
959 2141 1154 2194 malles-toules
1164 2139 1198 2193 de
1209 2139 1255 2193 vin
1266 2142 1283 2193 t
1295 2140 1403 2208 Tornay

193 2220 376 2279 bounourrir
386 2225 424 2277 les
432 2223 577 2292 paillardes
587 2225 634 2278 des
645 2222 791 2292 chanoines
800 2225 827 2275 et
840 2222 886 2274 des
897 2238 965 2289 gens
976 2220 1102 2290 d’Egliso.

226 2302 354 2373 Quicquid
366 2305 401 2359 sit
412 2306 445 2358 de
463 2304 514 2358 hac
531 2304 713 2372 propositione
731 2304 879 2357 secundum
896 2303 1086 2356 scholasticum
1104 2302 1232 2370 rigorem,
1245 2304 1280 2357 ad
1296 2321 1403 2358 sensum

194 2377 275 2440 famen
287 2403 366 2452 quem
378 2385 538 2453 praetendit,
552 2384 616 2452 quia
632 2389 672 2438 est
692 2384 818 2452 negativa
835 2383 945 2437 omnino
958 2383 1073 2437 dicimus
1093 2385 1165 2450 quod
1175 2388 1216 2438 est
1231 2383 1363 2452 injuriosa
1374 2385 1403 2438 in

194 2461 331 2524 instatum
349 2466 569 2529 ecclesiasticum,
582 2467 663 2520 nimis
687 2465 908 2530 universitaliter,
929 2466 998 2519 dure
1020 2469 1048 2519 et
1068 2465 1248 2521 irreverenter
1258 2467 1400 2532 invectiva,

191 2551 320 2614 seditiosa,
333 2550 531 2605 ecclesiasticae
547 2548 679 2603 libertatis
691 2549 806 2603 latenter
816 2547 1018 2616 impugnativa,
1030 2549 1189 2615 reparanda,
1201 2549 1224 2601 si
1234 2550 1316 2605 fuerit
1326 2566 1402 2618 prae-

188 2633 282 2690 dicata.
903 2683 907 2691 .

216 2717 331 2773 Octava.
346 2714 387 2769 On
398 2731 432 2768 ne
442 2714 500 2769 doit
510 2714 587 2781 point
595 2714 700 2767 donner
711 2713 833 2780 d'argent
845 2729 898 2766 aux
908 2711 1007 2779 eglises
1025 2729 1094 2780 pour
1102 2714 1140 2766 les
1151 2713 1275 2781 pardons.
1287 2713 1402 2769 Soanda·

180 2803 250 2865 losa,
263 2798 413 2855 devotionis
425 2796 545 2851 fidelium
556 2797 727 2859 diminutiva,
745 2797 821 2860 falsa,
834 2796 995 2863 reparanda.

212 2885 304 2937 Nona.
318 2881 370 2934 Les
381 2878 498 2946 pardons
510 2894 543 2931 ne
561 2882 620 2931 sont
632 2876 708 2944 point
720 2877 821 2930 donnes
833 2893 903 2944 pour
911 2877 949 2929 les
963 2876 1139 2929 bourdcaulx.
1153 2875 1231 2930 Sicut
1239 2878 1272 2930 de
1280 2878 1402 2945 septima.

175 2959 321 3027 Quicquid
333 2958 368 3012 sit
380 2959 413 3013 de
425 2959 477 3012 hac
494 2959 675 3026 propositione
692 2959 839 3011 secundum
856 2956 1047 3010 scholasticum
1062 2961 1089 3010 et
1099 2957 1271 3010 dialecticum
1284 2959 1402 3026 rigorem

173 3041 325 3105 sermonis,
338 3042 373 3095 ad
381 3058 488 3095 sensum
498 3045 589 3094 tamen
598 3059 667 3108 quae
675 3040 834 3108 praetendit,
846 3039 910 3106 quia
920 3043 960 3093 est
972 3038 1107 3107 negativa,
1116 3056 1277 3107 praegnans,
1287 3040 1403 3095 dicimus

171 3123 258 3193 quod
273 3125 313 3176 ast
329 3122 474 3177 indiscrete
491 3125 590 3191 populo
608 3123 769 3190 praedicata,
792 3121 949 3174 scandalosa
967 3119 996 3173 in
1025 3119 1166 3187 religiosas
1185 3121 1286 3184 domos,
1305 3121 1402 3188 quibus

171 3204 300 3259 collatae
312 3209 375 3258 sunt
383 3204 577 3273 indulgentiae.
989 3243 990 3249 ,

208 3284 336 3339 Decima.
351 3285 401 3338 Les
413 3287 529 3353 pardons
551 3285 679 3339 viennent
700 3285 817 3339 d'Enfcr.
837 3284 884 3338 Est
900 3283 1008 3351 piarum
1019 3281 1128 3336 aurium
1140 3282 1277 3347 offensiva,
1290 3286 1400 3338 scanda-

165 3373 248 3430 losa,
261 3365 291 3419 in
309 3366 449 3420 ecclesiam
467 3371 494 3422 et
511 3369 599 3421 claves
615 3366 743 3421 ecclesiae
760 3366 924 3435 blasphema,
943 3365 1090 3429 haeretica,
1104 3365 1262 3431 reparanda,
1276 3365 1299 3418 si
1319 3367 1401 3423 fuerit

189 3449 346 3506 medicata.

165 3471 189 3524 p
208 3531 377 3587 Undecima.
400 3532 497 3595 Quand
520 3536 551 3585 tu
568 3550 630 3600 oyes
652 3534 679 3586 la
698 3549 791 3593 messe,
804 3534 833 3585 tu
846 3549 880 3585 ne
896 3530 954 3584 dois
965 3531 1025 3584 rien
1038 3529 1110 3596 dire;
1122 3535 1149 3584 et
1160 3531 1251 3596 quand
1261 3547 1297 3583 on
1308 3531 1367 3585 leve
1376 3532 1401 3586 le

165 3616 342 3676 sacrament,
357 3617 387 3667 tu
399 3612 457 3666 dois
475 3614 605 3680 regarder
616 3632 650 3666 cn
662 3618 741 3677 terre,
755 3616 782 3666 91
793 3631 847 3666 999
857 3612 932 3680 point
953 3613 978 3666 le
988 3615 1145 3666 sacrament.
1160 3613 1201 3665 Ad
1216 3629 1323 3664 sensum
1341 3613 1400 3666 uni·

165 3694 325 3754 versalem,
341 3712 419 3761 quem
429 3695 589 3762 praetendit,
598 3695 644 3763 qui
654 3700 693 3749 est
702 3695 773 3762 quod
781 3694 945 3761 quicumque
953 3693 1057 3762 aliquid
1065 3694 1132 3747 dicit
1140 3693 1274 3748 audiendo
1281 3695 1397 3759 missam,

165 3780 286 3851 peccat,
298 3776 373 3839 falsa,
384 3782 478 3830 contra
489 3775 572 3829 ritum
582 3777 710 3831 ecclesiae
722 3781 748 3829 et
757 3776 945 3830 ordinationen
954 3776 1059 3837 missae,
1073 3779 1168 3829 contra
1177 3792 1399 3843 communemque

165 3859 382 3920 observantiam
395 3858 487 3926 populi
501 3859 656 3924 christiani3
669 3864 695 3913 et
706 3858 757 3912 hoc
769 3858 857 3924 quoad
869 3857 984 3925 primam
996 3861 1108 3925 partem.
1123 3856 1248 3910 Secunda
1258 3874 1320 3924 pars
1331 3859 1399 3912 falsa

165 3949 227 4006 at,
246 3943 342 3994 contra
358 3940 442 3994 ritum
456 3941 642 3996 Eucharistiae
662 3946 689 3995 et
711 3944 806 3994 contra
825 3941 1005 3994 reverentiam
1026 3938 1213 3995 Eucharistiae
1232 3945 1399 3995 sacramento

165 4023 311 4084 debitam,
324 4024 483 4089 reparanda,
497 4024 519 4077 si
531 4025 614 4078 fucrit
625 4023 787 4091 praedicata.

207 4103 393 4161 Duodecimn.
408 4105 498 4159 Horae
507 4106 601 4160 heatae
609 4106 713 4159 Mariae
723 4123 778 4159 non
789 4106 886 4160 debent
895 4106 949 4159 dici
962 4122 979 4158 a
990 4105 1165 4168 secularibus.
1176 4105 1309 4168 Falsaest,
1320 4106 1398 4160 devo·

165 4186 268 4248 tionis
284 4186 416 4240 laicorum
435 4187 470 4240 ad
484 4188 625 4256 Virginem
637 4188 783 4256 gloriosam
795 4188 952 4251 detractiva,
971 4189 1044 4241 fatue
1055 4193 1080 4241 ct
1092 4186 1235 4241 temerarie
1246 4187 1399 4254 praedicata

165 4278 196 4329 at
210 4268 241 4323 si
253 4267 338 4321 fuerit
348 4268 511 4334 praedicata,
524 4269 683 4336 reparanda.

208 4349 330 4406 Decima
340 4351 430 4404 tertia.
443 4350 536 4405 Sancti
547 4369 600 4404 uon
609 4356 672 4404 sunt
680 4352 803 4419 rogandi.
819 4351 961 4406 Haeretiea
969 4356 996 4406 et
1004 4369 1081 4419 saepe
1090 4352 1226 4415 damnata,
1237 4355 1395 4421 reparanda,

165 4438 190 4491 :ei
208 4430 301 4488 fuerit
312 4431 458 4497 predicata.
828 4501 831 4509 ¹

207 4514 328 4576 Decima
339 4518 443 4583 qtrarta.
457 4515 508 4584 lly
526 4533 542 4570 a
562 4533 663 4572 arrouns
683 4516 729 4585 qui
741 4517 816 4573 dicut
837 4535 955 4573 aucunes
975 4516 1083 4573 oraison
1102 4517 1135 4572 de
1154 4520 1180 4572 la
1193 4519 1292 4589 Vierge
1309 4521 1396 4587 Maria
