3194 5408
188 112 237 163 ³28
698 111 798 164 ANNO
819 113 894 164 1448

222 248 340 312 Quintus
351 249 491 305 articulus.
505 250 573 304 ltem
592 249 662 304 dixit
678 250 784 305 duabus
803 250 917 315 vicibus,
930 251 1057 306 videlicet
1073 253 1132 320 ipso
1149 253 1194 307 die
1211 269 1375 320 parasceucs
1390 270 1457 317 6.,

188 332 216 385 in
229 331 274 386 die
285 332 383 386 Martis
399 332 428 385 in
444 332 624 400 paschalibus,
637 333 709 400 quod
726 349 820 386 omnes
830 334 973 388 offerentes
990 333 1019 388 in
1041 351 1140 402 mappa
1151 338 1298 402 peccarant
1315 339 1457 398 morte-

189 414 252 469 liter
263 417 298 477 ct,
311 415 384 481 quod
395 414 471 482 peius
483 417 531 478 est,
545 414 746 468 committerent
757 431 850 467 omncs
862 419 993 484 quotquot
1004 419 1068 470 sunt
1079 414 1240 484 symoniam.

221 499 322 552 Contra
339 496 459 565 quinque
475 496 606 550 articulos
623 514 670 564 per
687 497 830 563 quamdam
848 498 960 551 fratrem
978 498 1110 553 minorem
1129 498 1283 566 predicatus
1299 497 1328 552 in
1345 499 1457 564 (itum

188 581 259 633 dauo
271 579 402 646 scriptum
413 579 448 630 ad
465 577 623 632 instantiam
642 577 814 631 dominorum
826 579 993 633 vicariorum
1006 581 1150 635 rerrercudi
1167 581 1196 634 in
1210 579 1320 635 Christo
1332 581 1457 648 patri*-

188 661 292 715 domini
305 659 501 713 Tornacensis:

220 744 308 798 Multa
325 743 398 810 quod
415 743 517 809 profert
534 743 619 795 frater
636 743 726 796 minor
743 743 772 796 iu
792 742 1020 811 propositionibus
1031 744 1142 798 domino
1159 745 1271 799 officiali
1290 747 1457 800 Camere-

188 827 261 880 censi
281 830 308 879 et
327 824 458 893 magistro
479 824 577 892 Egidio
597 823 694 887 missis,
706 825 749 878 vel
769 843 802 878 ex
823 826 979 893 ignorantia
996 826 1153 880 diuinarum
1171 827 1370 896 scripturarum

186 910 329 963 doctorum
340 911 496 961 sauctorum
514 924 619 960 necnon
636 911 664 960 et
682 908 754 961 scole
771 907 907 976 theologie
924 913 973 963 aut
989 909 1082 976 aliqua
1098 908 1256 964 inordinata
1272 910 1442 966 ausono:

186 988 346 1060 processisse
357 989 545 1042 arbitrandum
557 992 638 1042 est...
649 991 692 1052 (l).

219 1072 329 1127 Primus
340 1069 473 1124 articulus
484 1073 525 1123 est
542 1069 690 1124 iniuriosus
701 1075 728 1124 ct
744 1071 932 1124 scdiciosus....
945 1074 989 1136 (2).
1004 1073 1083 1126 Circa
1094 1073 1245 1127 secuudum
1256 1075 1457 1130 articulu-

186 1156 234 1224 qui
250 1153 399 1207 iniuriosus
410 1156 450 1206 est
465 1155 493 1205 ct
509 1152 655 1206 sediciosus
671 1152 742 1206 sicut
763 1155 916 1219 procedens,
929 1172 962 1208 ea
979 1173 1031 1221 que
1050 1154 1181 1222 premissa
1197 1160 1261 1210 sunt
1280 1158 1457 1212 semiurzn

188 1236 301 1292 Tercius
312 1235 444 1288 articulus
461 1237 501 1286 est
517 1251 656 1295 erroneus,
670 1235 740 1286 malo
752 1235 860 1301 sapiens
877 1235 905 1287 iu
923 1236 984 1299 lide,
998 1241 1064 1303 puta
1075 1241 1171 1291 contra
1187 1237 1315 1292 diuinam
1331 1240 1420 1293 66τὶ
1430 1257 1457 1305 1

186 1323 277 1374 turam
289 1322 317 1371 et
333 1319 428 1370 contra
439 1314 562 1369 ordinem
582 1315 763 1368 ierarchicum
776 1316 931 1370 ccclesia...
944 1319 988 1382 (2).
1001 1318 1032 1371 In
1050 1322 1148 1385 quarto
1159 1319 1279 1373 articulo
1290 1338 1320 1374 se
1330 1319 1457 1375 mitti

186 1403 271 1455 frater
287 1399 337 1453 iste
348 1398 377 1452 in
394 1396 568 1459 laberintum,
583 1397 611 1450 in
623 1398 824 1452 contentionem
836 1399 1019 1465 antiquam...
1031 1402 1074 1465 (2).
1089 1402 1130 1454 Ex
1141 1401 1241 1469 quibus
1253 1407 1329 1470 patet
1343 1399 1457 1470 quod

186 1484 237 1538 iste
259 1483 344 1537 frater
365 1479 489 1549 grauiter
510 1480 634 1547 peccauit
662 1481 830 1535 detrahendo
853 1481 950 1535 honori
974 1486 1001 1537 et
1028 1483 1182 1538 reuerentie
1204 1488 1365 1538 curatorum
1391 1486 1442 1536 ec

185 1563 304 1620 maxime
320 1562 350 1616 in
366 1561 502 1630 presentia
518 1578 629 1615 suorum
648 1562 909 1631 parrochianorum3
930 1582 964 1617 cx
981 1581 1035 1631 quo
1051 1564 1175 1632 sequitur
1191 1567 1266 1633 qued
1281 1566 1334 1621 iste
1349 1564 1417 1621 arti·

186 1647 264 1701 culus
276 1648 408 1714 quantum
419 1643 455 1697 ad
471 1643 523 1698 ista
538 1648 578 1697 est
595 1643 785 1697 iniuriosus...
799 1648 842 1710 (2).
857 1646 915 1699 Hoc
926 1647 1007 1700 modo
1024 1646 1075 1700 iste
1091 1648 1178 1703 frater
1188 1648 1300 1703 videtur
1311 1665 1405 1712 ciram,

186 1728 234 1798 qui
253 1746 285 1783 ea
301 1725 427 1781 affectius
443 1723 609 1794 dogmatizat
625 1743 678 1792 que
697 1727 769 1793 apud
786 1727 963 1795 grauissimos
981 1730 1106 1783 doctores
1126 1730 1233 1786 incerta
1249 1737 1357 1787 sunt...
1368 1734 1403 1798 (1).

187 1809 305 1875 Quintus
323 1807 456 1863 articulus
478 1809 519 1861 cst
537 1805 688 1870 seditiosus,
710 1805 867 1872 iniuriosus,
890 1807 998 1877 impius,
1020 1810 1203 1875 scandalosus,
1229 1828 1364 1868 erroneus
1381 1829 1408 1867 ac

186 1894 400 1962 blasphemus...
413 1890 457 1954 (2).

219 1980 359 2033 Postremo
370 1975 498 2030 videntur
508 1972 681 2028 ammonendi
698 1973 747 2040 hij,
761 1973 810 2041 qui
825 1974 928 2029 habent
946 1978 1106 2042 potestatem
1118 1978 1295 2044 presentandi
1313 1978 1410 2033 mendi·

186 2068 278 2119 cantes
288 2063 324 2118 ad
334 2060 455 2117 officium
471 2057 663 2126 predicationis
680 2061 707 2111 et
724 2061 925 2114 sacramentum
937 2059 1086 2127 penitentie
1104 2059 1331 2129 dispensandum,
1344 2063 1416 2130 quod

185 2147 340 2213 presentent
356 2141 496 2206 litteratos,
520 2143 664 2210 prudentes
676 2145 703 2195 et
719 2141 793 2195 viros
805 2141 869 2195 boni
886 2141 1032 2209 testimontj
1044 2161 1051 2209 3
1065 2146 1092 2197 et
1109 2143 1156 2196 ubi
1174 2144 1280 2199 nollent
1292 2142 1416 2213 acquies-

186 2242 257 2290 cere,
270 2219 449 2280 consulendus
460 2229 529 2280 essct
539 2241 660 2278 summus
671 2222 802 2291 pontifex,
815 2228 847 2277 ut
857 2240 939 2290 super
951 2222 1004 2289 hijs
1016 2223 1180 2291 prouiderat.

220 2307 278 2363 llec
288 2310 338 2363 sub
349 2307 517 2363 correctione
533 2312 561 2362 et
579 2306 783 2375 supportatione
795 2305 918 2362 omnium
929 2306 1028 2361 melius
1044 2306 1208 2375 sapientium
1219 2307 1328 2377 scripta
1345 2315 1419 2366 sunt

337 2431 339 2435 ¹
448 2413 594 2478 Carlerius
607 2413 707 2481 Sparta
724 2421 749 2465 ct
765 2412 893 2482 sportula
910 2412 1143 2480 sruqmouorum,
1156 2415 1216 2469 deel
1228 2414 1250 2479 Ι,
1263 2415 1421 2472 vernando

479 2495 539 2564 ling
550 2499 591 2550 16.
602 2523 636 2535 -
646 2494 694 2548 Dit
709 2493 773 2549 stul
785 2511 820 2549 eu
837 2494 933 2548 ankele
949 2495 1058 2559 andere,
1071 2494 1116 2550 die
1125 2496 1224 2550 verder
1234 2498 1422 2565 voorkornen,

480 2595 573 2632 weron
583 2593 636 2631 aan
647 2577 700 2632 den
711 2577 777 2631 11661
787 2575 821 2631 H.
835 2576 867 2630 G.
879 2577 934 2631 Lea
945 2576 1096 2643 onbekend‚
1106 2581 1170 2632 toan
1180 2578 1220 2645 hij
1233 2582 1290 2646 alin
1302 2582 1424 2639 uaffsnd

479 2661 591 2715 tesereel
611 2661 660 2713 der
679 2660 872 2727 eeuwenlange
892 2659 1085 2729 w01stelingen
1103 2661 1232 2716 tusschen
1254 2662 1291 2717 de
1315 2668 1423 2733 geaste

480 2740 596 2809 lijkheid
607 2758 641 2796 en
652 2743 686 2797 de
698 2742 832 2796 biddende
848 2741 933 2796 orden
950 2741 1075 2798 scheiste.
1096 2743 1143 2799 Zie
1159 2747 1230 2812 atjne
1247 2744 1374 2815 History
1393 2750 1430 2816 of

481 2821 525 2876 tlte
541 2824 712 2892 Inquisition
728 2824 760 2874 tn
778 2820 823 2876 tlte
839 2821 949 2875 middle
965 2822 1046 2892 11361,
1059 2823 1119 2878 decl
1135 2824 1157 2890 1,
1173 2824 1225 2879 bia.
1248 2827 1377 2882 278·294.
1389 2856 1425 2870 —

480 2904 553 2958 Ovcr
565 2904 644 2958 Gillis
657 2903 762 2959 Carlier
778 2903 818 2958 aie
834 2905 919 2969 mijne
933 2904 1130 2974 verbandeling
1146 2907 1187 2959 De
1207 2928 1220 2950 u
1233 2906 1343 2976 Sparta
1355 2935 1370 2956 n
1387 2927 1426 2964 aas

481 3007 494 3030 u
511 2987 642 3056 Sportula
658 2986 881 3055 sruqmemorum
895 3010 908 3032 n
929 3001 985 3039 uun
1001 2987 1056 3040 den
1071 2988 1309 3056 Kcmcrfitscten
1329 2992 1426 3047 dcto·

483 3066 569 3122 aazia
581 3067 699 3132 cartica,
707 3067 830 3135 pedrutt
841 3075 866 3120 te
875 3067 990 3121 Brassel
1001 3071 1032 3120 in
1044 3068 1170 3137 dejuren
1180 3070 1247 3125 tm
1254 3088 1293 3125 cn
1304 3073 1425 3140 4473111

480 3150 528 3205 het
543 3149 664 3217 Archias
672 3165 739 3203 uuor
749 3147 979 3204 Nedertandscte
994 3151 1275 3221 Kertqcscttcdenis,
1288 3155 1356 3212 deal
1372 3156 1424 3223 111.

746 3403 841 3472 290.

235 3599 431 3667 Omstreeks
450 3599 556 3678 1448,
580 3598 675 3664 (tent.
695 3596 831 3663 Oordeel
853 3617 919 3663 van
936 3596 999 3662 den
1015 3596 1295 3685 Kamarijkschen
1312 3602 1425 3670 delen

186 3701 323 3782 Garlier,
341 3723 381 3788 op
398 3722 565 3787 aauvraag
581 3700 639 3766 der
654 3700 831 3767 vicarissen
848 3721 914 3766 vau
930 3700 992 3766 den
1016 3698 1167 3787 hisschop
1183 3721 1253 3769 van
1269 3706 1424 3775 Doornik

187 3804 407 3892 nitgebraeht,
427 3825 506 3871 over
529 3805 671 3891 hetgeeu
695 3824 731 3869 er
757 3807 791 3870 te
817 3804 902 3871 doen
930 3806 1018 3871 staat
1040 3808 1107 3872 met
1133 3824 1241 3873 eeuen
1271 3811 1425 3879 minder-

219 4043 254 4108 (1)
271 4040 374 4109 Hierop
384 4040 483 4109 volgen
494 4039 674 4109 godgoleerde
684 4038 880 4109 uitweidingen
891 4056 926 4096 en
937 4039 1046 4096 citaten¹

220 4127 254 4192 (2)
270 4124 362 4183 Zelfde
372 4122 535 4195 opmerlaiug
545 4124 585 4178 als
596 4125 692 4178 boven.
