3194 5408
624 513 725 568 ANNO
744 513 818 567 1491
1289 513 1337 563 475

104 673 196 725 snper
214 657 411 725 quodquidam
428 654 607 710 scallaudium
625 655 672 708 flet
687 669 744 707 una
759 650 926 720 praedicatio
942 667 992 719 pro
1017 652 1148 718 populum
1166 651 1334 707 exhortando

105 740 147 793 ad
167 739 339 794 Altissimum
359 737 558 806 deprecandum
581 752 632 805 pro
653 736 788 789 dictorum
811 738 1015 788 executatorum
1034 732 1187 798 animabus,
1206 740 1233 787 et
1252 735 1334 789 etiam

106 821 278 875 declarando
288 821 361 888 qnod
372 819 589 874 extraordinarie
599 825 626 872 et
642 824 738 873 contra
755 822 842 871 toturn
859 816 982 869 ordinem
1000 821 1027 868 et
1043 816 1159 868 formem
1177 817 1265 870 omnis
1278 824 1336 885 jus·

106 903 192 959 titiae
203 920 252 972 per
264 920 404 972 processus
415 903 497 957 falsos
505 907 533 957 et
548 902 668 956 indebite
680 902 765 956 lectos
782 901 832 967 ipsi
850 899 1032 962 condemnati,
1046 899 1215 962 sceliaudati,
1228 903 1334 969 praedi·

108 989 179 1052 cati,
191 988 308 1043 mittrati
321 993 349 1042 et
359 987 494 1042 ementati
506 988 626 1065 fuerunt.
640 986 672 1040 ln
687 986 742 1039 tine
758 991 837 1052 cujus
853 983 1074 1051 praedicationis,
1086 1001 1167 1038 omne
1182 984 1252 1038 illud
1263 986 1335 1051 quod

110 1091 148 1129 ex
161 1072 242 1126 dictis
253 1072 422 1140 processibus
432 1070 554 1134 restabit,
567 1069 597 1123 in
613 1069 767 1135 praesentia
778 1067 929 1122 executoris
940 1067 1089 1137 praesentis
1106 1068 1202 1122 ernesti
1220 1067 1335 1123 disrum-

110 1159 197 1224 petur
207 1160 233 1208 et
242 1153 418 1208 lacerabitur.

148 1235 185 1289 Et
195 1234 324 1288 similiter
335 1250 385 1301 pro
398 1232 458 1286 fleri
470 1232 594 1287 iaciendo
605 1248 688 1286 unam
701 1248 810 1286 emnem
821 1231 956 1299 lapideam
967 1232 1051 1286 altam
1063 1232 1218 1299 quindecim
1236 1234 1335 1301 pedum

114 1318 148 1372 in
158 1317 219 1372 loco
230 1315 421 1386 propinquiori
432 1321 461 1370 et
471 1314 687 1370 convenientiori
704 1313 771 1368 dicti
783 1313 845 1376 loci,
857 1313 887 1367 in
898 1330 952 1381 quo
964 1314 1049 1382 aliqui
1066 1333 1099 1370 ex
1115 1315 1196 1370 dictis
1212 1316 1337 1371 condem·

112 1401 189 1457 natis
205 1400 341 1456 executati
359 1406 386 1454 et
397 1399 530 1454 combusti
542 1399 713 1466 exstitemnt,
726 1399 755 1452 in
766 1414 820 1465 qua
836 1398 975 1466 sculpetur
991 1403 1019 1452 et
1036 1398 1163 1467 affigetur
1179 1416 1264 1453 unum
1282 1400 1336 1468 epi·

112 1482 240 1552 taphium
251 1483 379 1537 effectum
393 1482 544 1550 praesentis
555 1481 651 1536 ernesti
663 1482 812 1535 continens.

147 1567 185 1621 Et
194 1581 265 1633 quae
275 1564 310 1618 de
322 1563 432 1618 residuo
448 1563 537 1617 dictae
554 1581 676 1618 summae
692 1563 726 1616 ad
743 1563 864 1629 quinque
880 1562 956 1616 mille
972 1562 1057 1616 libras
1068 1562 1235 1620 Parisienses
1245 1583 1336 1621 ascen·

111 1649 205 1710 dente,
223 1645 311 1709 nobis,
332 1645 413 1700 dictis
433 1647 467 1700 de
491 1646 642 1711 Belloiorti,
666 1646 785 1713 Aymery
807 1650 834 1698 et
856 1645 969 1698 cuilibet
987 1645 1107 1711 ipsorum
1130 1664 1236 1701 summa
1262 1650 1340 1704 mille

111 1731 249 1785 librarum
266 1727 482 1794 Parisiensium
505 1729 571 1782 item
591 1727 673 1782 dictis
695 1726 825 1794 Tacquet,
850 1725 949 1781 loanni
971 1727 996 1779 le
1019 1728 1132 1791 Febvre,
1156 1729 1289 1786 Hermant
1311 1738 1339 1786 et

114 1811 247 1866 Nicolaae
258 1809 393 1873 Garrelle,
407 1815 466 1877 ejus
482 1810 571 1873 uxori,
591 1809 674 1864 Petro
691 1811 726 1863 du
745 1810 872 1864 Carioeul
888 1814 915 1862 et
933 1809 1032 1864 loanni
1045 1810 1077 1864 de
1095 1813 1182 1879 Berry
1199 1817 1338 1867 eteorum

112 1893 230 1948 cuilibet
250 1890 515 1960 quadringentarum
538 1891 671 1946 librarum
690 1890 885 1946 Parisiensium
905 1908 1011 1945 summa
1028 1897 1152 1959 captetur
1173 1899 1199 1948 et
1219 1896 1337 1962 applica·

112 1975 203 2030 bitur·

150 2059 297 2126 Etiamque
313 2072 407 2111 omnes
428 2055 562 2125 praedicti
584 2061 697 2121 actores,
721 2055 841 2121 servitia,
864 2054 1036 2110 fundationes
1053 2062 1080 2110 et
1095 2055 1166 2111 aliae
1182 2074 1226 2111 res
1242 2059 1275 2111 ad
1293 2059 1338 2127 pia
1418 2052 1426 2063 '

117 2157 204 2211 opera
215 2141 341 2194 ordinata
352 2139 510 2208 priusquam
522 2139 600 2192 nobis
610 2139 758 2193 solvantur.

148 2223 284 2291 Dictaque
295 2222 374 2277 curia
384 2230 477 2277 nostra
488 2223 658 2292 supradictos
669 2221 832 2275 deffensores
843 2221 872 2274 in
884 2222 1008 2288 expensis
1019 2221 1049 2277 in
1060 2221 1195 2289 praesenti
1213 2239 1338 2289 processu

112 2306 202 2369 factis,
227 2305 313 2360 dictos
332 2322 460 2360 excessus
479 2309 681 2369 concernentes,
703 2319 821 2369 quarum
841 2319 1021 2368 expensarum
1044 2303 1177 2369 praedicti
1199 2303 1233 2357 de
1253 2305 1339 2369 Berry

116 2390 249 2445 haeredes
266 2405 342 2442 suern
359 2388 512 2456 portionem
527 2389 730 2455 contingentem
746 2386 889 2440 dumtaxat
905 2387 1010 2440 solvant
1029 2403 1095 2455 erga
1114 2387 1201 2440 dictos
1218 2386 1340 2456 Tacquet

114 2478 144 2527 et
161 2472 287 2526 Gavrelle
303 2468 441 2523 taxatione
458 2467 614 2521 eorumdem
632 2467 722 2520 dictae
750 2465 844 2520 curiae
861 2471 969 2520 nostrae
986 2471 1131 2530 reservata,
1149 2468 1341 2521 condemnavit

113 2561 143 2610 et
167 2554 340 2618 condemnat,
360 2551 463 2605 dictum
495 2551 658 2619 magistrum
676 2548 829 2603 Robertum
848 2549 874 2602 le
895 2549 996 2602 deusne
1024 2550 1058 2603 ab
1081 2549 1297 2616 impetitionibus
1314 2557 1341 2604 et

114 2635 257 2692 demendis
268 2634 404 2688 dictorum
416 2638 539 2686 actorum
551 2637 577 2686 et
588 2630 775 2699 procuratoris
786 2632 872 2685 nostri
884 2630 1021 2699 generalis
1032 2631 1195 2685 absolvendo
1207 2637 1234 2685 et
1250 2633 1340 2700 ipsum

114 2725 195 2774 extra
205 2732 358 2785 processum
369 2720 397 2768 et
408 2715 508 2780 absque
519 2730 658 2779 processus
670 2712 803 2780 ponendo.

148 2800 289 2863 Quatenus
305 2815 369 2852 vero
387 2795 527 2851 concernit
544 2795 744 2849 restitutionem
762 2795 898 2848 bonorum
916 2800 943 2848 et
960 2796 1177 2849 commissionem
1198 2797 1270 2850 leudi
1291 2814 1340 2864 per

113 2883 220 2937 dictrnn
231 2881 264 2935 de
275 2880 417 2934 Bellotorti
429 2885 524 2933 contra
537 2879 641 2931 dictum
653 2880 687 2930 de
704 2877 837 2931 Saneuses
852 2877 1011 2944 requisitam
1030 2894 1135 2931 necnon
1153 2879 1340 2933 conclusiones

114 2971 212 3020 contra
223 2964 327 3016 dictum
338 2961 503 3016 l'Hostellier
514 2965 615 3028 captas,
628 2976 699 3026 quae
716 2960 805 3013 dictae
823 2965 913 3026 partes
929 2959 1116 3013 informabunt
1128 2963 1231 3014 vocatis
1242 2979 1338 3015 vocan-

114 3047 159 3101 dis
170 3063 250 3114 super
261 3044 340 3099 sactis
351 3049 378 3098 et
389 3043 513 3097 articulis
525 3059 572 3110 per
584 3043 685 3096 dictam
695 3043 801 3095 curiam
813 3048 933 3095 nostram
950 3058 965 3094 a
983 3058 1032 3094 suo
1044 3041 1153 3107 litigato
1164 3043 1338 3097 extrahendis

114 3130 190 3184 infra
206 3128 310 3183 instans
326 3128 423 3181 festum
442 3124 589 3179 beatissimi
600 3123 715 3178 Martini
727 3123 862 3183 hiemalis.
873 3139 921 3189 per
932 3122 1050 3176 alterum
1062 3137 1095 3176 ex
1112 3123 1219 3177 dilectis
1235 3131 1262 3177 et
1274 3125 1338 3177 lide·

115 3212 189 3265 libus
200 3211 228 3263 in
239 3210 312 3262 dicta
323 3209 401 3261 curia
412 3213 506 3261 nostra
518 3206 691 3267 consiliariis,
704 3205 738 3257 ad
756 3203 809 3257 hoc
831 3221 879 3271 per
898 3203 1081 3270 praedicatam
1102 3205 1206 3257 curiam
1218 3211 1338 3259 nostram

115 3292 312 3362 deputandum,
324 3306 374 3357 pro
385 3290 437 3343 hoc
449 3290 520 3343 lacto
532 3293 668 3356 reportato
682 3293 709 3341 et
720 3287 941 3354 adjudicandum
951 3293 1067 3354 recepto,
1079 3285 1144 3354 ipsis
1149 3292 1195 3353 Jus
1204 3288 1338 3356 faciendo,

115 3374 255 3432 ordinavit
265 3380 291 3427 et
302 3374 420 3427 ordinat.

150 3457 186 3512 Et
208 3456 323 3511 ulterius
342 3454 435 3509 eadem
456 3453 533 3508 curia
554 3457 648 3508 nostra
668 3452 742 3505 dicto
764 3451 889 3519 episcopo
912 3450 1093 3515 Atrebatensi,
1117 3449 1174 3505 suis
1189 3451 1337 3516 officiariis,

116 3537 273 3606 inquisitori
297 3535 360 3590 tidei
381 3541 406 3589 et
429 3536 555 3589 omnibns
577 3535 639 3588 aliis
658 3532 798 3601 judicibus
820 3532 1008 3587 ecclesiasticis
1028 3539 1054 3586 et
1076 3533 1253 3596 secularibus,
1266 3550 1300 3588 ne
1322 3551 1339 3588 a

116 3621 198 3677 modo
218 3619 249 3672 in
269 3618 439 3685 processibus
458 3623 485 3671 et
502 3615 708 3670 executionibus
725 3615 959 3680 extraordinariis,
971 3615 1113 3683 gebennis,
1125 3615 1337 3681 quaestionibus,

115 3703 233 3760 torturis
255 3700 413 3755 inhumanis
424 3704 451 3751 et
467 3699 631 3761 crudelibus,
644 3697 725 3751 sicuti
738 3699 771 3751 de
782 3697 923 3765 capelleto,
941 3699 1033 3767 ignem
1050 3697 1085 3751 ad
1100 3699 1220 3766 plantam
1238 3699 1337 3766 pedum

117 3783 288 3856 apponendo,
312 3784 403 3838 oleum
426 3798 512 3848 neque
532 3787 639 3835 acetum
660 3779 752 3834 bibere
772 3780 906 3844 saciando,
930 3787 1050 3835 ventrem
1074 3781 1282 3835 criminosorum
1311 3786 1338 3833 et

115 3874 307 3924 accusatorum
324 3864 492 3920 verberando
509 3881 556 3916 seu
574 3864 757 3931 percutiendo,
777 3880 865 3930 neque
881 3864 943 3917 aliis
960 3872 987 3918 et
1003 3863 1120 3918 insolitis
1135 3862 1338 3929 quaestionibus

116 3956 240 4013 utantur,
258 3950 308 4004 sub
326 3965 413 4016 poena
429 3946 644 4015 reprehendendi
661 3953 688 3999 et
708 3948 858 4002 secundum
875 3949 1040 4016 exigentiam
1062 3964 1174 4001 casuum
1198 3949 1337 4015 puniendi,

115 4032 240 4092 inhibuit
262 4037 288 4086 et
309 4029 448 4092 deffendit,
473 4028 579 4082 inhibet
600 4037 627 4082 et
649 4029 786 4083 deffendit.

151 4119 184 4172 ln
205 4120 284 4182 cujus
306 4112 346 4167 rei
374 4110 571 4171 testimonium,
593 4117 717 4165 nostrum
740 4112 926 4180 praesentibus
946 4112 1060 4166 fecimus
1083 4113 1181 4180 apponi
1204 4114 1335 4181 sigillum.

151 4199 251 4254 Datum
277 4195 401 4258 Parisiis,
425 4195 455 4247 in
483 4193 658 4247 Parlamento
684 4201 786 4258 nostro,
812 4194 943 4263 vigesima
971 4195 1015 4248 die
1043 4196 1141 4249 mensis
1168 4195 1247 4258 Maii,
1266 4213 1336 4251 enno

115 4282 229 4339 Domini
247 4282 309 4334 1491
327 4285 354 4333 et
370 4278 449 4344 regni
466 4277 552 4331 nostri
567 4283 676 4331 octavo.

384 4400 533 4453 Memoires
551 4398 585 4452 dc
600 4401 718 4467 Jccqucs
735 4397 773 4450 du
792 4393 895 4468 Clercq,
908 4398 968 4453 deel
986 4398 1032 4463 lll,
1052 4398 1101 4453 blz.
1120 4402 1237 4455 tot-293.
