3188 5408
702 519 802 573 ANNO
823 520 896 573 1463
1360 518 1408 570 403

177 654 212 708 in
226 655 374 722 sepulchro
385 661 541 722 parentum
554 673 608 709 non
624 655 769 724 distinguit
780 657 813 710 de
828 656 966 723 indigena,
978 656 1012 708 de
1030 655 1119 709 incola
1131 655 1174 708 vel
1191 653 1334 722 inquilino,
1346 653 1410 707 alie

178 754 261 805 gena
281 738 324 791 vel
335 737 448 801 viatore,
460 739 494 793 de
511 755 564 806 quo
581 739 703 792 doctores
718 739 786 791 iuris
805 739 930 792 canonici
947 738 1033 792 multe
1048 738 1151 800 dicunt,
1170 738 1204 791 ad
1221 755 1288 805 quos
1304 738 1413 806 proprie

180 819 266 886 loqui
278 825 380 888 spectat
400 820 434 873 de
454 821 505 874 hac
525 821 648 884 materia,
661 822 708 875 sed
730 821 764 874 ad
784 838 870 888 pauca
889 821 1049 888 aspicientes
1067 820 1215 874 enunciant
1234 820 1322 874 facile.
1336 820 1414 874 Unde

181 904 366 956 temerarium
378 907 417 957 est
430 901 538 956 unicam
549 902 750 970 responsionem
768 903 843 966 dare,
857 903 905 956 ubi
924 904 1011 956 multa
1030 907 1093 955 sunt
1109 903 1239 968 dicenda3
1252 907 1280 956 et
1295 907 1336 957 est
1346 902 1413 956 inci·

182 987 256 1040 dere
266 987 296 1039 in
308 985 444 1039 fallaciam
456 1003 538 1053 quarn
550 987 616 1040 dare
627 987 777 1040 seeundum
789 988 880 1053 plures
893 985 1120 1054 interrogationes
1131 991 1161 1039 ut
1178 1002 1269 1039 unam.
1285 986 1413 1040 Preterea

183 1071 286 1120 notum
295 1074 336 1122 est
347 1069 375 1121 in
387 1068 447 1121 iure
459 1070 531 1135 quod
543 1069 565 1121 si
577 1068 648 1131 telis,
661 1068 708 1136 qui
722 1086 776 1122 non
788 1069 871 1136 elegit
884 1069 1050 1135 sepulturam
1063 1085 1112 1122 nec
1122 1072 1311 1122 testamentum
1321 1068 1412 1122 condi·

184 1153 240 1215 dit,
260 1156 329 1206 essct
348 1153 377 1206 in
396 1153 529 1207 sententia
552 1152 841 1207 excommunicationis
864 1153 975 1207 maioris
998 1153 1111 1217 notorie,
1132 1152 1211 1207 debet
1233 1152 1258 1206 ei
1281 1151 1412 1220 denegari

185 1234 374 1288 ecclesiastica
400 1235 553 1302 sepultura3
577 1240 605 1289 et
630 1241 704 1303 patet
724 1252 773 1302 per
792 1239 893 1290 statuta
913 1236 1046 1289 sinodalia
1062 1235 1184 1303 dyocesis
1204 1236 1413 1293 Cameracensis,

186 1316 272 1371 titulo
283 1317 317 1370 de
327 1317 482 1384 sepulturis,
495 1317 602 1371 statutis
619 1317 657 1382 ix,
669 1319 728 1383 xiij,
741 1317 793 1370 nisi
805 1317 884 1386 signa
896 1317 1047 1385 penitencie
1058 1316 1087 1370 in
1098 1317 1215 1371 articulo
1226 1317 1321 1371 mortis
1331 1335 1411 1386 appa·

186 1399 307 1463 ruerint,
317 1399 375 1465 xiiij
395 1405 423 1454 et
441 1416 476 1453 xv
496 1399 570 1453 circa
588 1400 685 1465 finem3
699 1405 794 1454 contra
812 1418 864 1467 que
881 1399 971 1452 nullus
983 1398 1137 1466 predicator
1152 1399 1181 1453 in
1200 1400 1293 1454 eadem
1313 1400 1415 1467 diocesi

187 1484 331 1547 exemptus
343 1480 386 1534 vel
397 1497 451 1533 non
462 1486 602 1547 exemptus
615 1480 797 1548 dogmatisare
808 1482 918 1535 deberet
932 1486 980 1535 aut
1000 1481 1154 1548 predicare3
1173 1481 1245 1549 quod
1263 1481 1287 1533 si
1307 1481 1410 1546 fecerit,

189 1579 242 1630 per
252 1561 391 1616 dominum
402 1563 557 1630 episcopum
567 1568 614 1616 eut
626 1580 688 1616 suos
700 1563 817 1617 vicarios
826 1563 1013 1630 corripiendus
1023 1567 1051 1616 et
1061 1564 1244 1617 emendandus
1253 1568 1300 1618 est.
1313 1563 1412 1618 Debuit

188 1662 259 1713 ergo
270 1645 317 1699 ille
325 1647 409 1700 frater
420 1664 496 1701 suam
508 1649 682 1702 assertionem
697 1648 791 1702 fulsire
800 1648 929 1700 clausulis
938 1646 1087 1714 oportunis,
1098 1652 1125 1701 et
1134 1646 1181 1700 ubi
1193 1646 1226 1699 de
1237 1645 1412 1713 impedimen·

189 1727 229 1781 tis
239 1729 375 1794 sepulture
392 1729 541 1794 dubitatur,
555 1731 693 1785 remittere
710 1731 745 1783 ad
766 1746 879 1783 examen
899 1728 1040 1794 ordinarij,
1052 1732 1196 1794 antequam
1219 1728 1413 1781 concederetur

191 1809 253 1875 ipsa
260 1809 408 1876 sepultura.

225 1891 257 1945 ln
268 1896 345 1946 sexte
355 1893 502 1948 assertione
513 1893 638 1948 concedit
648 1894 720 1961 quod
732 1893 914 1947 mendicantes
925 1891 1011 1946 eciam
1020 1890 1075 1944 dici
1084 1897 1194 1958 possunt
1205 1894 1307 1959 proprij
1325 1907 1412 1944 sacer·

190 1973 269 2027 dotes
285 1973 314 2026 in
332 1978 394 2028 actu
415 1975 604 2042 confessionis3
617 1976 670 2029 hoc
689 1993 742 2029 non
760 1975 881 2042 loquitur
898 1979 929 2028 ut
945 1973 987 2026 sui
1006 1974 1144 2040 doctores3
1163 1990 1217 2026 non
1237 1972 1311 2028 enim
1331 1973 1415 2027 habet

190 2054 323 2110 terminos
351 2072 461 2123 eorum3
485 2057 595 2124 quidam
619 2058 692 2111 enirn
714 2062 854 2124 sequentes
874 2055 984 2109 Scotum
1006 2055 1099 2120 utique
1127 2055 1252 2109 subtilem
1273 2055 1411 2108 doctorem

189 2138 365 2206 distinguunt
376 2143 404 2193 et
414 2141 481 2194 bene
493 2140 526 2194 de
538 2140 656 2208 proprio.
667 2140 822 2207 Proprium,
835 2138 972 2205 inquiunt,
984 2137 1085 2191 dicitur
1093 2137 1250 2204 dupliciter:
1263 2154 1318 2190 uno
1330 2136 1411 2190 modo

190 2225 224 2274 ut
234 2219 415 2288 distinguitur
422 2225 517 2275 contre
525 2222 654 2285 alienum,
665 2227 693 2277 et
705 2222 744 2274 sic
755 2238 825 2289 papa
837 2226 863 2274 et
873 2220 1013 2287 episcopus
1025 2224 1052 2272 et
1062 2217 1197 2272 commissi
1215 2219 1250 2272 ab
1261 2219 1300 2272 eis
1317 2217 1411 2271 dicun·

189 2308 239 2356 tur
257 2304 358 2370 proprlj
376 2304 527 2358 sacerdotes
549 2310 576 2358 et
596 2304 694 2368 curati,
713 2302 778 2370 quia
798 2319 851 2356 non
872 2307 935 2355 sunt
953 2300 1053 2367 alieni;
1067 2300 1119 2354 hoc
1135 2302 1216 2354 modo
1227 2299 1411 2354 mendicantes

189 2385 340 2451 presentati
362 2385 448 2438 eciam
470 2393 582 2453 possunt
601 2386 656 2440 dici
673 2387 785 2453 proprlj,
803 2384 934 2451 quianon
954 2386 1016 2436 sunt
1032 2381 1130 2447 alieni;
1143 2387 1171 2436 et
1187 2381 1238 2435 iste
1256 2385 1297 2435 est
1314 2381 1410 2434 modus

189 2466 323 2532 loquendi
334 2466 444 2520 illorum
461 2467 611 2531 doctorum,
625 2484 741 2533 quorum
758 2466 873 2534 vestigia
883 2470 910 2520 et
921 2465 1006 2518 lineas
1016 2463 1092 2530 sequi
1103 2467 1130 2518 et
1141 2463 1243 2518 imitari
1262 2463 1410 2526 debuisset;

189 2546 348 2611 aliomodo,
362 2553 392 2602 ut
403 2547 581 2616 distinguitur
597 2555 692 2602 contra
709 2564 894 2613 communem3
907 2551 934 2600 et
945 2547 984 2599 sic
995 2546 1120 2600 sacerdos
1129 2545 1292 2612 parochialis
1300 2550 1341 2600 est
1351 2561 1412 2613 pro·

188 2632 280 2701 prius,
293 2632 358 2700 quia
368 2649 423 2687 non
434 2637 475 2685 eet
485 2630 651 2697 communis;
663 2638 703 2685 est
714 2630 786 2683 enim
798 2631 871 2683 solus
882 2647 963 2697 super
974 2629 1103 2697 populum
1115 2627 1243 2696 parochie
1254 2646 1302 2683 sue
1313 2633 1341 2682 et
1359 2628 1412 2681 hoc

188 2715 274 2768 modo
286 2713 468 2768 mendicantes
480 2730 535 2766 non
542 2718 605 2767 sunt
614 2716 715 2780 proprij
724 2713 890 2778 sacerdotas3
902 2716 965 2764 sunt
972 2711 1045 2764 enim
1056 2727 1220 2764 communes.
1231 2710 1292 2764 Tali
1302 2708 1412 2778 proprio

190 2796 329 2850 sacerdoti
340 2813 373 2849 ac
384 2795 494 2863 proprio
504 2795 592 2862 primo
609 2795 688 2848 modo
700 2794 781 2848 semel
799 2795 828 2848 in
841 2811 913 2847 anno
924 2793 1047 2847 confiteri
1059 2796 1165 2861 oportet
1175 2793 1252 2847 iuxta
1261 2809 1410 2847 canonem:

192 2880 292 2934 Omnis
305 2879 443 2945 utriusque
454 2896 542 2931 sexus.

226 2962 272 3016 Ad
283 2962 423 3029 septimam
434 2960 608 3015 assertionem
619 2960 733 3014 dicenda
744 2963 807 3013 sunt
817 2976 849 3012 ea
858 2975 910 3025 que
922 2958 995 3011 circa
1007 2957 1129 3025 quintam
1144 2958 1230 3026 posita
1241 2962 1313 3012 sunt.

227 3046 334 3098 Octaua
345 3043 457 3099 assertio
468 3044 536 3096 salsa
547 3047 587 3096 est
597 3045 632 3106 et,
644 3047 676 3096 ut
686 3041 765 3105 iacet,
777 3041 848 3094 male
863 3057 959 3094 sonans
971 3059 978 3105 3
991 3056 1053 3092 nam
1065 3041 1100 3094 ad
1116 3057 1304 3108 quamcunque
1315 3056 1412 3106 penam

192 3129 256 3183 siue
273 3126 404 3195 passionis
421 3125 529 3180 Domini
548 3125 633 3180 nostri
652 3125 735 3178 Jhesu
754 3123 855 3178 Christi
873 3123 931 3176 siue
951 3125 1100 3191 purgatorii
1120 3123 1273 3190 penitencia
1289 3122 1414 3176 iniuncta

192 3215 368 3278 comparetur
384 3228 417 3265 ex
436 3227 501 3263 vera
517 3207 686 3277 penitencia3
707 3207 829 3275 alioquin
847 3208 937 3260 claues
953 3206 1065 3260 ecclesie
1084 3212 1172 3260 essent
1191 3205 1300 3260 inutiles
1319 3210 1346 3259 et
1363 3205 1413 3272 tig-

192 3298 297 3356 menta,
314 3292 379 3359 quid
398 3296 438 3346 est
456 3307 617 3357 erroneum3
639 3295 666 3344 et
684 3296 882 3343 sacramentum
902 3287 1054 3355 penitencie
1073 3292 1141 3341 esset
1162 3287 1324 3350 illusorium,
1341 3287 1413 3353 quod

192 3379 304 3429 auertet
320 3375 408 3439 Deus;
430 3375 477 3427 sed
488 3373 581 3427 debuit
596 3371 687 3426 dicere
703 3373 775 3438 quod
787 3371 939 3438 penitencia
956 3370 1079 3423 iniuncta
1096 3375 1251 3438 comparata
1267 3370 1343 3436 penis
1354 3386 1413 3437 pre·

191 3455 276 3511 dictis
297 3461 337 3510 est
356 3455 457 3509 modici
478 3455 603 3522 ponderis
625 3455 654 3507 in
677 3454 823 3521 affligendo
842 3470 888 3506 seu
909 3469 1005 3519 parurn
1025 3452 1173 3517 efflictiua;
1197 3457 1224 3506 et
1246 3452 1285 3504 sic
1306 3451 1414 3519 publice

192 3554 331 3604 exponere
341 3543 369 3591 et
379 3537 518 3590 declarare
530 3537 608 3589 debet
624 3535 761 3603 predictus
773 3537 866 3588 frater.
1209 3603 1211 3606 v

227 3621 361 3689 Magister
371 3621 508 3674 lohannes
518 3620 551 3673 de
565 3619 713 3681 Gersonno,
727 3618 906 3672 cancellarius
916 3616 1086 3680 Parisiensis,
1099 3617 1184 3670 multa
1195 3612 1228 3669 de
1240 3614 1414 3682 potestatibus

192 3702 392 3770 cpiscoporum,
406 3706 562 3755 curatorum
580 3705 607 3755 et
624 3700 836 3754 mendicantium
857 3699 1093 3768 priuilegiatorum
1110 3697 1237 3753 disseruit
1253 3698 1281 3751 in
1298 3700 1413 3752 tractato

192 3784 230 3837 de
241 3781 355 3836 diumsis
366 3782 480 3837 statibus
491 3780 687 3835 ecclesiasticis.

230 3867 289 3919 Pro
299 3869 475 3934 reparatione
485 3866 580 3933 fienda
588 3882 640 3933 per
652 3868 744 3932 ipsum
755 3865 873 3930 fratrem
887 3863 1061 3931 Dyonisium.

230 3946 307 3999 Finis
316 3951 408 4001 sancte
418 3945 610 4014 predicationis
620 3950 660 3999 est
677 3962 739 3998 vere
756 3945 819 3998 fidei
836 3946 865 3997 in
883 3945 982 4012 populo
996 3943 1143 3997 christiano
1162 3941 1316 4005 elucidatio,
1328 3940 1413 3995 virtu·

192 4033 255 4084 tum
271 4029 467 4083 commendatio
487 4033 514 4082 et
533 4028 705 4096 exprobratio
725 4027 866 4089 viciorum,
877 4027 942 4092 quia
961 4026 1003 4078 illi
1021 4043 1092 4078 tinus
1111 4026 1183 4077 Deus
1202 4027 1250 4086 est,
1264 4040 1320 4076 una
1337 4023 1412 4085 fides,

192 4128 283 4166 unum
303 4112 443 4178 baptisma.
465 4112 507 4165 Ad
523 4111 576 4164 hoc
595 4110 682 4179 igitur
701 4108 810 4163 tendere
830 4109 910 4162 debet
930 4109 1085 4175 predicator
1104 4113 1134 4161 ut
1153 4107 1241 4172 ipsum
1261 4105 1300 4159 sic
1316 4106 1415 4158 formet

193 4195 324 4264 quatinus
335 4194 369 4249 sit
386 4211 471 4248 unum
488 4194 517 4247 in
529 4193 638 4248 vinculo
653 4192 736 4261 pacis,
755 4192 794 4244 sic
811 4192 893 4244 verba
905 4195 1048 4257 componat
1065 4194 1096 4243 ut
1112 4189 1219 4243 edificet
1234 4187 1375 4241 ecclesiam
1386 4191 1415 4241 et

193 4296 252 4334 non
269 4278 473 4332 scandalizando
494 4278 609 4345 perimat
625 4278 744 4341 enimas3
767 4275 921 4342 predicator
938 4291 1063 4340 namque,
1085 4277 1151 4327 teste
1170 4272 1281 4326 Alberto
1301 4271 1413 4337 Magno,

193 4365 237 4418 est
252 4361 360 4430 Qdme
372 4360 431 4425 Dei,
444 4360 472 4414 id
489 4364 529 4415 est
548 4377 647 4428 ymago
658 4360 701 4412 vel
721 4357 789 4411 lucis
807 4361 899 4411 eterne
909 4356 1011 4419 radius,
1024 4356 1072 4423 qui
1091 4356 1181 4408 luceat
1196 4354 1227 4407 in
1243 4358 1321 4407 nocte
1337 4352 1413 4420 igno·

193 4443 303 4510 rantie;
316 4448 356 4497 est
372 4434 470 4496 ardens
481 4434 594 4497 caritate
605 4447 632 4497 et
648 4443 740 4496 lucens
754 4439 894 4507 sapientia.
909 4439 1028 4493 Verbum
1046 4436 1132 4505 igitur
1142 4435 1201 4489 eius
1211 4452 1267 4488 esse
1284 4434 1363 4488 debet
1378 4434 1414 4487 ad

195 4524 457 4584 consummationem
469 4525 620 4579 seculorum
638 4524 668 4578 in
679 4541 746 4592 opus
757 4521 909 4588 ministerlj,
923 4521 952 4574 in
963 4519 1162 4575 edificationem
1172 4516 1293 4586 corporis
1303 4514 1413 4584 Christi,
