3194 5408
584 502 777 557 ANNO‘lsia
1243 503 1289 554 437

68 667 136 716 uur
151 667 214 714 aan
237 644 277 713 de
292 646 615 734 samongestroomde
631 646 775 732 menigte
796 644 886 711 heeft
904 643 1096 731 aengeduid.
1118 679 1155 692 -
1174 644 1236 710 Jan
1254 642 1293 709 de

68 753 196 819 Econte
210 755 286 837 zegt
309 751 370 816 ook
389 769 452 818 aar
475 751 538 818 Jan
562 749 735 826 tinctoris,
754 749 865 815 doctor
890 749 923 813 in
948 747 988 813 de
1005 744 1287 834 godgeleerdheid,

68 855 138 942 zijn
153 853 310 940 gevoelen
326 852 487 921 daarover
502 857 535 921 te
551 851 677 920 hebben
693 851 870 938 gevraagd.

103 1006 212 1061 Littera
223 1007 333 1060 domini
347 1005 517 1074 thesauran'j
528 1005 683 1060 lesatensis
694 1008 737 1072 (ll.

105 1089 273 1156 obsequiosa
282 1087 546 1145 neoommendatione
563 1088 693 1157 premissa
711 1088 739 1142 in
754 1087 861 1143 Christo
872 1088 955 1143 Jbesu
972 1086 1082 1143 domino
1097 1092 1197 1144 nostro.
1212 1090 1293 1145 Extat

67 1168 127 1233 hic,
149 1171 302 1225 venerande
320 1177 397 1240 pater
418 1176 445 1226 et
467 1175 608 1239 preceptor
626 1170 778 1233 metuende,
797 1171 908 1236 quidam
927 1171 961 1225 de
980 1169 1136 1225 reuerendis
1155 1171 1293 1240 magistris

68 1251 172 1307 nostris
182 1253 296 1307 verbum
308 1252 358 1306 Dei
370 1253 469 1308 cotidie
481 1253 623 1321 predicans
636 1252 665 1307 in
677 1257 813 1307 conuentu
825 1254 940 1308 fratmm
952 1253 1099 1315 minorum,
1112 1254 1159 1321 qui
1175 1256 1291 1323 quadam

68 1335 116 1390 die
137 1334 269 1391 inuitauit
287 1337 417 1404 populum
437 1337 471 1390 ad
491 1337 604 1391 alteram
625 1337 697 1390 diem
717 1336 876 1390 auditurum
895 1340 1010 1405 tempus,
1030 1353 1142 1402 annum,
1162 1355 1290 1402 mensem,

67 1418 145 1473 diem
156 1422 184 1472 et
192 1418 288 1473 boiam
299 1417 539 1473 consummationis
550 1418 643 1482 seculi,
654 1423 682 1473 et
695 1418 816 1486 repetitis
828 1417 933 1472 vicibus
944 1418 1081 1487 pollicitus
1090 1423 1130 1473 est
1140 1424 1167 1474 et
1178 1420 1292 1476 asseruit

68 1517 99 1554 se
116 1498 168 1554 iila
186 1502 366 1562 ostensumm,
384 1500 427 1554 vel
444 1498 578 1566 scripture
595 1496 765 1552 mentiuntur
781 1502 808 1552 et
825 1516 880 1552 non
899 1503 962 1554 sunt
978 1517 1050 1554 vere.
1063 1499 1125 1563 Qua
1140 1500 1185 1556 die
1201 1519 1290 1557 succe·

66 1582 161 1644 deam,
182 1579 288 1636 curiose
308 1580 415 1635 affluxit
436 1582 471 1634 ad
494 1581 583 1634 locum
603 1580 720 1648 populus
741 1578 838 1647 ingens
857 1580 943 1644 valde,
965 1580 1009 1634 cui
1033 1581 1122 1648 palam
1144 1583 1293 1639 affirmauit

67 1664 238 1719 reuerendus
248 1663 379 1731 magister
396 1668 488 1718 noster
497 1663 570 1729 quod
581 1667 686 1730 tempus
695 1661 935 1716 consummationis
946 1663 1027 1716 huius
1038 1665 1122 1718 seculi
1134 1665 1187 1719 erit
1197 1665 1226 1720 in
1238 1667 1292 1722 fine

67 1745 180 1812 septimi
199 1745 354 1811 millenarii,
375 1747 411 1799 ab
430 1744 489 1800 eius
508 1744 615 1812 origine
634 1744 664 1797 in
684 1761 738 1810 quo
759 1743 925 1799 habundabit
949 1745 1037 1799 omnis
1056 1745 1194 1814 iniquitas,
1216 1749 1291 1804 etin

67 1826 221 1882 nouissimo
232 1844 303 1881 anno
314 1827 399 1891 illius,
412 1832 439 1881 et
455 1828 495 1881 ita
506 1827 659 1880 calculabat
675 1843 766 1881 coram
778 1828 878 1895 populo
889 1832 917 1882 et
933 1829 1111 1884 concludebat
1128 1832 1200 1898 quod
1210 1833 1290 1886 dura·

67 1910 141 1965 ticni
152 1910 235 1964 buius
248 1910 332 1964 seculi
350 1914 453 1965 restant
464 1909 566 1978 precise
578 1909 668 1963 adhuc
679 1927 751 1963 cccc.
764 1909 830 1963 anni
848 1914 875 1964 et
891 1916 990 1979 septem
1004 1912 1047 1966 vel
1058 1930 1128 1967 cccc.
1142 1918 1169 1968 et
1179 1914 1290 1983 xxxvi.;

67 1996 191 2047 mensem
202 1991 310 2046 dicebat
320 1993 378 2046 sore
389 1991 576 2059 septembrem,
587 1991 658 2045 diem
672 1991 788 2058 primam
799 1991 963 2046 dominicam
974 1993 1057 2057 illius,
1067 1993 1163 2049 horam
1173 1997 1290 2063 denique

67 2074 209 2129 assembat
227 2074 285 2128 tore
304 2073 465 2127 diluculum.
479 2073 603 2135 Qualiter
619 2077 710 2126 autem
727 2089 803 2125 suam
824 2074 962 2128 astruebat
978 2075 1160 2140 assertionem,
1172 2082 1289 2133 vestram

67 2156 221 2210 informare
232 2154 421 2222 paternitatem
441 2170 496 2207 non
512 2158 552 2206 est
572 2153 655 2206 michi
673 2153 807 2220 possibile,
821 2172 884 2208 cum
900 2172 955 2208 non
971 2155 1070 2210 luerim
1082 2175 1190 2225 presens
1193 2201 1241 2213 .....
1255 2162 1290 2226 (2)

63 2241 106 2294 De
117 2254 173 2307 qua
190 2238 336 2293 assertione
353 2236 395 2290 fui
412 2252 429 2289 a
446 2234 539 2289 multis
556 2235 717 2289 informatus
738 2252 771 2289 ac
790 2236 973 2304 interrogatus
990 2238 1055 2305 quid
1071 2237 1135 2293 inde
1151 2240 1288 2309 sentirem,

61 2327 93 2378 et
111 2337 212 2376 reuera
230 2320 270 2374 tui
287 2319 431 2388 perplexus
447 2322 475 2372 et
492 2318 564 2384 apud
581 2316 714 2384 meipsum
731 2317 930 2372 scandalizatus
933 2360 981 2372 .....
994 2321 1029 2385 (2)
1049 2322 1105 2375 Aut
1120 2321 1210 2375 minus
1227 2340 1290 2391 pru·

60 2404 162 2458 denter
173 2405 221 2456 aut
232 2401 313 2455 nimis
323 2401 455 2454 audacter
466 2401 563 2452 contra
573 2397 755 2451 indubitatam
769 2403 796 2453 et
812 2408 965 2466 expromam
978 2399 1061 2454 ihesu
1074 2401 1175 2457 Christi
1185 2409 1291 2459 senten-

61 2486 134 2541 tiam
143 2485 235 2553 palam
246 2487 274 2538 et
289 2482 398 2552 publice
410 2496 502 2535 coram
514 2481 601 2533 multo
618 2482 645 2533 et
661 2479 779 2547 simplici
797 2482 897 2549 populo
914 2483 1020 2536 locutus
1031 2486 1071 2537 est
1088 2483 1181 2552 pocius
1191 2485 1221 2540 in
1232 2486 1291 2542 eius

63 2567 176 2623 ruinam
188 2583 270 2634 quam
281 2563 491 2625 edificationem,
506 2561 568 2616 fidei
580 2561 785 2616 subuersionem
798 2580 879 2630 quam
893 2563 1075 2620 defensionem
1078 2609 1127 2621 .....
1140 2568 1174 2634 (2)

98 2649 243 2717 Ampliora
254 2649 343 2702 dicere
356 2664 410 2700 non
428 2662 553 2712 presumo
570 2645 605 2698 ob
625 2644 807 2698 reuerentiam
820 2645 1004 2714 magistralem
1022 2656 1050 2702 et
1064 2665 1152 2703 meam
1171 2651 1289 2718 prauita-

63 2738 121 2788 tem
143 2749 178 2785 ne
196 2747 285 2785 errem
304 2731 335 2783 in
354 2728 400 2782 via
417 2727 520 2782 mortis.
543 2726 641 2780 Tutius
664 2726 748 2780 michi
768 2726 856 2783 visum
879 2733 920 2782 est
942 2729 1083 2784 consulere
1102 2734 1291 2799 paternitatem

62 2818 183 2870 vestrm
195 2819 275 2880 atoue
286 2812 373 2867 eciam
385 2811 564 2864 reuerendum
577 2810 740 2878 magistrum
752 2815 874 2864 nostrum
891 2817 919 2865 et
939 2812 1078 2867 dominum
1091 2831 1180 2870 meum
1193 2819 1291 2886 magis-

62 2901 140 2952 trum
152 2896 303 2950 iohannem
315 2893 493 2948 Tinctoris....
506 2891 574 2945 item
587 2891 656 2958 quid
668 2891 752 2944 michi
771 2891 905 2948 incumbit
917 2894 1014 2958 iacere,
1027 2895 1131 2952 scilicet
1147 2904 1195 2954 aut
1211 2901 1291 2956 silere

63 2985 115 3034 aut
135 2978 219 3046 loqui,
239 2982 267 3033 et
286 2978 308 3031 si
328 2978 377 3041 sic,
390 2972 532 3043 'quomodo
550 2979 577 3028 et
599 2975 726 3040 qualiter,
749 2975 848 3042 quidve
865 2977 967 3031 faceret
984 2982 1074 3033 vestra
1093 2982 1240 3048 paternitas
1261 2983 1291 3038 in

63 3062 152 3116 simili
165 3061 249 3115 casui

99 3146 140 3198 De
151 3145 204 3209 hijs
215 3141 299 3196 michi
317 3140 436 3195 scribere
447 3139 585 3208 dignetur,
607 3138 653 3192 ubi
672 3140 841 3206 oportunitas
857 3140 949 3204 fuerit,
962 3144 1054 3198 eadem
1067 3154 1156 3202 vestra
1173 3153 1289 3218 paterni-

64 3232 107 3281 tas
119 3225 203 3279 anchi
221 3240 326 3291 semper
337 3223 505 3285 honoranda,
519 3227 549 3275 ut
566 3239 615 3289 per
632 3221 708 3273 illam
721 3222 755 3275 de
766 3221 819 3286 hijs
836 3221 936 3276 certior
953 3224 1039 3278 factus
1050 3230 1153 3283 valeam
1165 3236 1193 3286 et
1209 3251 1252 3286 nne
1263 3238 1290 3287 et

64 3309 146 3371 alios,
159 3306 207 3374 qui
218 3308 252 3361 de
263 3305 376 3360 veritate
393 3304 435 3358 rei
453 3320 495 3357 me
512 3303 692 3370 interrogant,
706 3303 886 3357 confidentius
898 3303 1035 3372 tutiusque
1046 3308 1201 3366 informare.
1215 3314 1250 3368 Et
1262 3314 1289 3367 in

63 3391 119 3444 hoc
131 3388 285 3456 prestabitis
302 3386 460 3454 obsequium
478 3385 541 3439 fidei
560 3390 587 3438 ct
605 3385 671 3447 Deo,
685 3385 732 3451 qui
745 3389 861 3439 vestram
878 3386 1066 3453 paternitatem
1084 3392 1114 3445 in
1129 3410 1210 3448 euurn
1227 3413 1289 3450 oon·

62 3480 157 3530 seruet
168 3475 283 3530 felicem.
298 3475 391 3528 Valete
403 3477 430 3527 et
444 3472 543 3534 iubete,
556 3470 700 3524 metuende
712 3475 853 3538 preceptor
869 3469 899 3523 in
913 3470 1019 3526 Christo
1031 3472 1123 3527 chsu.

97 3559 211 3628 Raptim
223 3557 331 3621 insulis,
344 3558 399 3621 xxij
412 3555 519 3620 Marclj.
953 3629 957 3636 Ι

328 3655 474 3719 Carlerius,
487 3655 546 3709 deel
558 3653 594 3717 11,
607 3652 804 3721 verbandeling
816 3656 855 3707 ll.

636 3868 724 3938 aba.

117 4032 205 4096 Vo‘cr
227 4028 419 4096 November
444 4029 548 4106 1472,
576 4026 770 4114 Kamerijb.
790 4028 972 4094 Antwoord
995 4047 1057 4095 van
1081 4027 1143 4095 den
1168 4030 1287 4097 Kame-

63 4132 234 4222 rijkschen
266 4131 372 4198 deken
403 4132 526 4198 Carlier
559 4150 621 4196 aan
652 4132 714 4196 Jan
747 4131 786 4195 de
823 4133 957 4213 Eccnte,
990 4131 1287 4201 kanunnikschat-

96 4375 132 4436 (1)
154 4371 187 4425 In
197 4388 248 4425 een
258 4373 343 4426 ander
351 4372 415 4425 stuk
423 4368 523 4423 vinden
533 4371 577 4434 wij
588 4372 676 4434 zijnen
686 4385 765 4422 naam
777 4386 812 4422 en
823 4373 891 4435 zijne
902 4369 974 4423 titels
982 4371 1021 4422 als
1031 4370 1120 4437 volgt:
1131 4392 1143 4413 u
1154 4370 1290 4426 Jobannes

65 4455 100 4508 de
112 4455 223 4517 Econte,
233 4471 309 4508 sacre
319 4453 455 4521 theologie
466 4453 608 4520 professor,
617 4451 803 4506 thesaurarius
810 4452 923 4506 ecclesie
931 4453 1016 4508 sancti
1026 4454 1100 4509 Petri
1110 4454 1263 4513 insulensis,
1276 4481 1288 4503 η

99 4539 133 4600 (2)
153 4535 221 4590 Hier
231 4536 329 4604 volgen
342 4534 521 4603 godgeleerde
533 4533 736 4600 uitweidingen.
