3194 5408
196 539 245 597 lto
649 539 750 595 Anno
769 542 854 603 1246.
875 542 951 596 1247

195 682 228 740 ln
249 683 329 776 eujus
350 682 392 737 mi
414 680 600 738 testimonium
622 687 759 752 presentes
785 683 890 738 litteras
915 683 1000 754 sigilli
1023 682 1108 740 nostri
1130 683 1288 739 munimine
1309 683 1431 740 fecimus

195 767 329 903 romi
341 863 413 902 anno
425 847 534 903 Domini
547 848 691 904 millesImo
703 848 825 903 CC⁰IIL⁰
836 852 942 916 quarto,
956 864 1048 902 mense
1059 849 1158 916 Aprili.

457 964 573 1018 Archief
587 981 640 1018 van
656 965 704 1019 het
721 963 1045 1032 Noorderdepartement
1060 967 1088 1019 te
1104 964 1202 1031 lesel,
1221 963 1369 1020 clamen
1384 964 1433 1019 des

490 1043 614 1113 Coniptes
630 1043 758 1107 detine,
772 1043 891 1105 B.1593,
905 1042 1023 1111 premier
1039 1043 1188 1098 cartulaire
1204 1043 1339 1108 d’Artois,
1354 1043 1431 1113 pidcc

490 1128 545 1179 118.
559 1154 592 1163 -
604 1124 693 1179 Reods
710 1125 816 1179 ontleed
833 1125 901 1178 door
916 1124 999 1192 great
1011 1124 1036 1178 J.
1055 1125 1090 1179 do
1106 1124 1313 1190 Sunt-Genois,
1327 1126 1429 1179 Monu-

487 1223 565 1259 mens
574 1210 698 1270 enciens,
708 1208 767 1261 deel
780 1207 801 1270 I,
812 1206 863 1260 blz.
875 1209 937 1272 55⁴3
950 1223 985 1260 en
995 1205 1025 1259 in
1032 1206 1081 1260 het
1087 1206 1250 1261 Inoeiataire
1258 1206 1431 1279 analyttque

487 1297 512 1341 et
527 1288 744 1359 chronolopique
755 1290 802 1342 des
815 1287 941 1343 archites
952 1288 988 1341 de
1004 1287 1033 1341 lo
1053 1287 1190 1342 chambre
1205 1289 1257 1343 des
1274 1296 1430 1359 comptae

487 1372 571 1438 tute,
586 1373 646 1427 deel
657 1373 679 1437 Ι,
692 1373 743 1427 blz.
756 1376 814 1427 323,

756 1558 840 1626 122.

242 1728 345 1806 1246,
356 1726 515 1796 Jonttori
526 1729 581 1806 13,
593 1731 701 1815 Lyotz.
719 1727 779 1794 Bul
792 1748 856 1793 van
868 1726 1079 1794 Innocentius
1091 1726 1139 1792 IV
1150 1726 1285 1812 gerioht
1297 1733 1353 1797 tot
1363 1728 1427 1797 den

194 1835 361 1918 generaal,
378 1833 418 1899 de
435 1833 656 1919 provincialen
674 1854 714 1899 en
732 1832 772 1898 de
790 1831 965 1897 monniken
982 1830 1040 1896 der
1056 1828 1428 1899 minderbroedersorde

192 1956 273 2004 over
288 1938 345 2004 het
362 1958 441 2004 aan·
458 1957 498 2002 en
523 1936 675 2003 afstellen
701 1956 766 2001 van
791 1934 1016 2019 inquisiteurs.
1033 1968 1078 1982 ·—
1101 1935 1147 1999 De
1170 1954 1254 2020 paus
1271 1936 1429 2005 verleent

191 2060 254 2106 aan
282 2038 345 2106 den
372 2044 505 2106 overste
533 2041 591 2106 der
619 2039 698 2105 orde
726 2059 858 2105 onaan
886 2038 973 2126 zijne
1004 2038 1179 2123 opvolgers
1208 2036 1251 2102 tle
1284 2038 1429 2126 noodige

192 2143 344 2210 machten
369 2164 421 2209 om
445 2142 485 2209 de
509 2143 721 2227 inquisiteurs
748 2142 851 2208 onder
873 2141 959 2229 zijne
986 2140 1140 2207 broeders
1165 2160 1247 2207 ann·
1265 2162 1311 2207 en
1335 2141 1376 2209 af
1394 2150 1428 2209 te

192 2246 322 2313 stellen.
365 2246 534 2313 Hetzelfde
571 2265 687 2331 mogon
720 2246 760 2310 de
792 2243 1014 2332 provincialen
1046 2243 1141 2324 doen,
1175 2244 1233 2311 elk
1267 2245 1305 2312 in
1338 2245 1429 2336 zijne

192 2370 371 2437 provincie.

228 2509 403 2566 Innocentius
421 2515 473 2566 etc.
502 2512 625 2580 generali
652 2529 685 2566 ac
711 2508 926 2580 provincialibus
946 2507 1079 2563 ministris
1100 2524 1133 2562 ac
1160 2507 1262 2563 ceteris
1291 2508 1431 2565 fratribus

193 2591 298 2645 ordinis
308 2593 424 2645 frenum
436 2593 582 2647 minorum.

228 2674 317 2728 Odore
327 2674 404 2727 suavi
417 2675 521 2729 ordinis
532 2675 613 2730 vestri
630 2676 758 2733 continue
769 2674 894 2740 recreati,
907 2691 969 2728 cum
982 2690 1036 2727 non
1051 2669 1188 2726 immerito
1199 2671 1301 2727 favore
1311 2671 1429 2741 speciali

192 2755 382 2823 prosequimur
401 2760 428 2810 et
446 2756 529 2824 ipsius
549 2758 741 2812 exaltationem
758 2758 845 2826 plenis
864 2755 1006 2811 desideriis
1022 2754 1188 2816 affectamus,
1207 2752 1336 2821 quietem
1354 2754 1382 2810 ei
1401 2760 1431 2809 et

191 2836 248 2891 alia
258 2837 384 2906 diligenti
401 2857 548 2906 procurare
565 2841 676 2896 solertia
691 2842 870 2904 intendentes,
888 2856 938 2907 per
954 2855 1024 2905 quae
1041 2852 1146 2905 semper
1156 2839 1297 2904 optatum,
1310 2841 1429 2892 auctore

193 2919 319 2984 Domino,
332 2922 469 2989 suscipere
481 2923 570 2977 valeat
581 2923 792 2990 incrementum
810 2924 875 2977 hinc
892 2929 941 2985 est,
955 2922 1027 2990 quod
1039 2938 1087 2975 nos
1102 2917 1199 2974 vesu-is
1209 2919 1428 2988 supplicationi·

193 3001 244 3054 bus
254 3009 412 3067 annuentes,
424 3007 453 3057 ut
465 3010 504 3068 tu,
518 3005 557 3058 tili
569 3005 704 3073 generalis
712 3005 845 3068 minister,
856 3005 950 3073 tuique
961 3019 1127 3059 successores
1137 3002 1236 3056 naues
1247 3001 1294 3056 tui
1306 3002 1427 3067 ordinis,

193 3083 240 3149 qui
252 3085 287 3137 ad
298 3085 509 3152 praedicandum
521 3105 629 3142 crucem
647 3089 690 3142 rel
707 3088 900 3155 inquirendum
916 3092 1012 3142 contin
1028 3084 1189 3154 pravitatem
1200 3082 1360 3139 hautienm
1377 3103 1427 3140 seu

192 3167 228 3219 ad
239 3167 294 3221 alia
304 3169 460 3237 hqjusmodi
473 3171 582 3240 negotia
594 3177 657 3226 sunt
668 3172 711 3225 vol
723 3171 825 3225 suerint
836 3171 1001 3238 ubicumque
1017 3186 1035 3223 a
1046 3168 1108 3223 sede
1119 3163 1271 3235 apostolica
1285 3166 1426 3234 deputati,

191 3264 344 3314 removere,
365 3269 507 3316 revocare,
528 3253 635 3320 penitus
655 3254 801 3306 transferre
825 3251 942 3320 ipsisque
961 3251 1033 3318 quod
1052 3247 1246 3317 supersedeant
1272 3246 1428 3317 injungere

190 3330 311 3400 aliosque
322 3335 494 3398 substituere,
513 3353 576 3388 cnm
592 3335 720 3402 expedire
731 3335 866 3397 videretis,
885 3333 960 3388 licite
979 3337 1006 3387 et
1022 3332 1109 3386 libere
1124 3328 1249 3391 valentis,
1269 3335 1300 3384 et
1316 3328 1349 3384 in
1366 3348 1424 3393 eos,

189 3417 212 3467 si
225 3418 453 3481 contravenerint,
467 3436 609 3472 censimum
620 3417 830 3471 ecclesiasticam
842 3434 985 3481 exercere;
998 3433 1031 3469 ac
1043 3412 1158 3482 quilibet
1168 3410 1300 3465 minister
1310 3414 1426 3480 provin-

191 3495 268 3550 cialis
285 3499 405 3568 ejusdem
424 3499 535 3559 ordinis,
556 3500 583 3552 id
604 3499 692 3567 ipsum
710 3498 740 3552 in
756 3516 806 3552 sua
826 3497 967 3565 provincia
986 3496 1061 3550 circs
1079 3495 1177 3549 fratres
1197 3490 1288 3559 ipsius
1305 3494 1426 3559 ordinis,

191 3577 289 3644 quibus
301 3579 329 3632 in
347 3581 396 3632 illa
406 3579 507 3633 similia
524 3580 671 3648 contigerit
687 3581 722 3633 ab
739 3581 833 3633 eadem
845 3580 908 3632 sedo
927 3577 1069 3640 committi,
1081 3577 1171 3630 facere
1188 3573 1286 3642 possit,
1299 3577 1424 3631 auctoni·

190 3662 246 3713 teto
263 3662 444 3726 praesentium
457 3662 642 3730 indulgemus3
657 3662 725 3715 nulli
742 3680 809 3729 ergo
824 3661 935 3715 omnino
947 3661 1088 3714 hominum
1104 3659 1185 3712 liceat
1196 3657 1270 3711 hanc
1287 3659 1424 3727 paginam

191 3745 298 3796 nostrae
318 3744 498 3797 concessionis
515 3744 665 3813 infringere
682 3745 724 3797 vel
741 3745 767 3797 ei
788 3761 854 3796 ausu
874 3743 1017 3797 temerario
1029 3740 1174 3795 contraire.
1194 3741 1224 3795 Si
1241 3742 1310 3810 quis
1327 3748 1424 3799 autern

188 3821 240 3876 hoc
252 3829 384 3880 attentare
402 3828 620 3895 praesumpserit,
634 3827 849 3895 indignationem
862 3824 1053 3893 omnipotentis
1065 3823 1114 3878 Dei
1130 3840 1163 3878 ac
1178 3824 1331 3880 beatorum
1343 3826 1424 3883 Peui

186 3911 214 3962 et
225 3907 305 3960 Pauli
317 3911 501 3975 apostolorum
513 3911 571 3977 ejus
584 3926 611 3962 so
623 3908 729 3962 noverit
741 3909 926 3961 incursurum.

220 3991 320 4045 Datum
332 3991 469 4060 Lugduni,
484 3992 572 4044 idibus
585 3991 719 4055 Ianuarii,
730 3992 904 4060 pontificatus
915 3989 1000 4045 nostri
1012 4007 1084 4044 anno
1095 3988 1144 4044 ΠΙ.

447 4108 597 4176 Wadding,
621 4107 746 4160 derivales
767 4107 922 4169 Minorem,
946 4106 1005 4161 doel
1025 4104 1077 4169 111,
1102 4103 1153 4159 blz.
1177 4108 1241 4160 itt,
1266 4104 1421 4175 (Potthast¹

478 4192 538 4246 deel
550 4191 584 4255 11,
599 4191 648 4244 blz.
663 4193 736 4254 1017,
750 4199 780 4242 nr
792 4189 893 4252 11993.)

756 4377 841 4444 123.

229 4549 333 4624 1247,
363 4542 555 4616 November
590 4548 646 4627 to,
677 4549 787 4634 Lpon
822 4545 882 4615 Bul
911 4567 976 4613 van
1005 4565 1086 4631 paus
1113 4544 1339 4617 Innocentius
1369 4550 1421 4619 lv
