3188 5408
590 527 691 582 ANNO
710 529 787 580 1463
1248 521 1297 572 399

56 670 218 726 humiliter
229 687 342 739 querere
352 668 497 726 eucaristie
507 672 722 735 sacramentum
735 684 785 721 nec
802 669 914 720 curatus
932 664 1011 719 debet
1029 662 1081 717 sibi
1101 679 1236 727 recusam,
1248 663 1295 717 sed

56 753 192 808 tradere.

102 835 179 890 Item
191 836 279 890 fateor
295 834 394 891 dixisse
405 835 478 903 quod
489 836 604 890 facultas
616 835 731 888 fratm
743 829 955 886 mendicantium
966 828 1156 885 auctoritatem
1167 827 1295 883 audiendi

62 917 258 972 confessiones
269 917 427 973 habentium
438 935 455 971 e
466 935 536 985 pape
553 915 709 971 immediate
725 919 765 969 est
781 912 870 967 maior
885 916 912 967 et
929 911 1091 979 generalior,
1104 912 1151 966 sed
1168 927 1222 965 non
1238 910 1295 965 dixi

63 1001 185 1063 melior,
197 1000 263 1066 quie
274 999 362 1054 curati
381 1004 484 1054 tantam
504 1003 662 1067 potestatem
681 997 783 1050 habent
799 1011 953 1062 supersues
972 993 1168 1061 parochianos3
1181 996 1296 1061 potestas

64 1099 143 1138 vero
155 1083 271 1136 nerum
282 1081 495 1136 mendicantium
507 1099 536 1136 se
547 1079 667 1136 extendit
678 1077 843 1148 generaliter
853 1082 881 1130 et
891 1075 921 1129 in
932 1075 1025 1130 multis
1036 1076 1172 1143 pamchijs
1180 1079 1208 1130 et
1218 1092 1296 1143 parc

68 1164 185 1222 chianis
196 1163 348 1218 volentibus
356 1165 391 1218 ad
400 1163 471 1231 ipsos
479 1163 588 1230 venire;
599 1181 631 1216 ec
639 1160 781 1216 humiliter
789 1159 895 1215 declino
904 1159 983 1213 istam
991 1158 1160 1226 simpliciter,
1171 1157 1297 1213 videlicet

68 1249 154 1318 quod
172 1251 288 1316 potestas
307 1247 395 1302 curati
412 1251 518 1302 tantum
537 1247 574 1301 sit
592 1247 627 1301 eb
647 1245 781 1314 episcopo.
795 1245 852 1298 Nec
871 1243 921 1298 iste
939 1243 1071 1297 articulus
1090 1242 1144 1297 fuit
1159 1241 1244 1296 michi
1263 1242 1299 1297 ad

69 1331 264 1388 reuocandum
275 1329 399 1385 traditis.

109 1415 182 1470 Item
198 1413 304 1481 aliquas
322 1412 441 1468 rationes
460 1411 579 1481 allegaui
600 1428 682 1480 super
698 1412 769 1465 hanc
788 1409 931 1464 materiam
948 1408 1001 1462 sic:
1022 1407 1147 1462 Liberior
1162 1412 1203 1462 est
1219 1407 1300 1461 homo

74 1500 214 1566 quantum
225 1496 259 1549 ad
270 1494 389 1548 animam
406 1510 488 1561 quam
506 1499 639 1561 quantnm
656 1493 692 1547 ad
711 1509 823 1560 corpus3
841 1491 888 1545 sed
908 1490 989 1544 homo
1009 1488 1095 1543 libem
1113 1488 1171 1543 sine
1191 1488 1302 1543 licentia

75 1577 170 1632 curati
183 1580 268 1645 potest
279 1577 444 1644 sepulturam
457 1594 506 1644 pro
517 1593 566 1630 suo
578 1593 691 1644 corpore
702 1574 804 1643 eligam
815 1573 862 1628 ubi
874 1573 933 1627 vult
943 1577 971 1627 et
988 1571 1101 1625 meliore
1117 1571 1176 1625 loco
1187 1590 1194 1637 3
1207 1588 1273 1640 ergo
1284 1588 1302 1625 a

76 1660 218 1716 asertiori
239 1665 326 1727 potest
347 1660 526 1714 consessorem
546 1659 648 1727 eligere
665 1675 745 1725 quem
766 1655 883 1710 voluerit
901 1655 1045 1709 habentem
1062 1653 1259 1717 auctoritatem,
1272 1658 1304 1707 ut

78 1758 188 1809 semper
199 1742 416 1810 presupponitur,
429 1741 576 1795 maiorem:
590 1740 705 1809 probaui
717 1756 766 1807 per
777 1739 850 1792 dicta
861 1739 934 1792 Luce
945 1742 990 1791 12:
1005 1758 1018 1780 u
1032 1738 1128 1790 Nonne
1138 1734 1231 1789 anime
1242 1736 1302 1803 plus

79 1829 121 1880 est
138 1840 221 1892 quem
238 1823 354 1891 corpus?
367 1848 379 1870 π
398 1825 477 1878 Petet
493 1840 543 1891 per
558 1823 637 1876 illum
658 1823 761 1876 dictum
782 1819 880 1875 Leonis
896 1836 964 1889 pape
984 1821 1061 1884 terclj
1079 1819 1109 1873 li.
1128 1823 1201 1873 3c.:
1222 1841 1234 1863 u
1248 1821 1303 1875 Noc

80 1905 210 1960 instituta
226 1904 361 1959 maiorum
378 1905 578 1960 considerantes
594 1904 738 1959 statuimus
755 1919 976 1971 unumquemque
995 1901 1024 1955 in
1042 1900 1176 1955 maiorum
1192 1918 1304 1955 suorum

80 1987 236 2056 sepulchris
246 1987 344 2051 iacere,
356 1991 408 2042 etc.
420 2010 433 2033 n

116 2068 244 2123 Secunda
259 2068 330 2123 ratio
340 2067 393 2123 fuit
403 2067 476 2132 talis,
488 2067 615 2122 videlicet
626 2067 698 2134 quod
706 2067 872 2121 consuetudo
884 2066 1007 2120 Romane
1018 2066 1095 2119 curie
1106 2069 1187 2120 estut
1199 2065 1234 2118 ad
1244 2081 1305 2119 cem

81 2152 243 2208 accedentes
251 2150 396 2218 impetrent
410 2150 523 2213 litteras,
534 2167 587 2216 que
596 2149 725 2204 dicuntur
736 2148 923 2216 quinquennia
934 2153 983 2203 aut
991 2152 1114 2216 pepetue,
1124 2147 1306 2201 mediantibus

10 2238 19 2243 '
82 2233 186 2302 quibus
203 2237 314 2301 possunt
335 2232 437 2301 eligere
454 2234 618 2286 confessores
635 2232 753 2300 ydoneos
772 2231 808 2285 ad
830 2231 1028 2298 beneplacitum
1047 2249 1151 2296 eorum,
1169 2235 1196 2286 et
1215 2236 1307 2286 tamen

82 2315 176 2370 carati
187 2314 240 2384 ipsi
257 2332 311 2368 non
323 2313 521 2368 contradicunt.
535 2313 625 2382 Igitur
636 2313 726 2367 minus
742 2313 928 2367 contradicere
938 2317 1050 2380 possunt
1060 2313 1205 2383 privilegio
1216 2313 1306 2368 duni·

81 2398 136 2451 bus
147 2395 393 2450 mendicantibusa
412 2395 536 2462 pluribus
556 2395 669 2448 summis
687 2394 860 2462 pontificibus
880 2395 995 2449 indulto.
1009 2396 1066 2449 Nec
1077 2395 1164 2449 eciem
1175 2395 1229 2448 fuit
1239 2394 1308 2448 mihi

80 2477 205 2532 traditus
216 2477 266 2533 iste
277 2476 409 2532 articulum
420 2477 455 2530 ad
465 2478 660 2541 reuocandum,
673 2493 724 2531 nec
735 2477 822 2531 eciam
834 2477 864 2531 in
880 2478 998 2532 secundo
1009 2494 1131 2533 sermone
1143 2477 1307 2532 mentionem

79 2559 148 2613 feci,

118 2642 192 2697 Item
203 2642 289 2696 fateor
300 2640 399 2696 dixisse
410 2641 440 2695 in
452 2640 540 2709 primo
552 2659 675 2697 sermone
686 2643 759 2711 quod
770 2642 921 2697 secerdotes
932 2658 1027 2695 curam
1043 2641 1197 2696 animarum
1208 2642 1308 2697 haben·

78 2729 126 2781 tes
138 2723 289 2779 nescientes
301 2725 402 2793 legere,
415 2729 580 2787 construere,
595 2741 644 2777 suo
662 2726 762 2793 populo
773 2725 914 2793 predicare
930 2741 963 2778 ac
974 2740 1090 2778 canones
1101 2729 1163 2788 etc,
1176 2741 1231 2778 non
1247 2730 1310 2780 sunt

77 2807 167 2877 digni
175 2807 267 2862 vocari
279 2808 445 2874 sacerdotes;
458 2824 538 2875 quem
551 2807 698 2863 articulum
710 2812 816 2862 tantum
827 2807 917 2862 verbis
928 2806 1020 2862 latinis
1031 2807 1142 2875 protuli,
1155 2825 1210 2862 non
1220 2809 1308 2877 expri-

77 2891 188 2945 mendo
198 2889 298 2958 gallice
308 2888 384 2945 sicet
393 2891 424 2945 in
435 2891 504 2945 ferie
515 2896 589 2945 sexte
601 2890 740 2959 pusionis,
751 2891 822 2947 sicut
830 2891 881 2945 suit
889 2890 958 2945 mihi
968 2890 997 2944 in
1006 2891 1101 2958 papiro
1113 2909 1174 2946 mea
1184 2891 1308 2946 traditus.

77 2971 231 3029 Revoceui
242 2973 332 3026 verbis
343 2973 435 3028 Ietinis
446 2972 517 3028 siem
534 2972 609 3040 prius
626 2975 802 3040 protuleram,
815 2973 940 3042 quamuis
950 2973 981 3027 in
993 2973 1087 3041 papiro
1101 2973 1184 3027 fuerit
1194 2971 1310 3040 scriptus

77 3053 181 3110 verbis
191 3053 299 3123 gallicis
307 3074 314 3121 3
327 3067 354 3109 et
364 3055 484 3124 allegaui
496 3055 689 3124 Augustinum.

123 3137 196 3192 Item
208 3137 241 3191 de
252 3137 307 3191 alio
319 3139 406 3193 fateor
417 3139 548 3206 allegasse
559 3143 681 3193 sanctum
694 3139 827 3194 Thomam
839 3140 869 3194 in
880 3141 912 3194 D.
924 3145 964 3195 17.
977 3147 1003 3202 ⁴1,
1016 3140 1062 3194 ubi
1080 3139 1152 3194 inter
1163 3144 1254 3194 cetera
1265 3156 1311 3206 po·

82 3219 170 3275 nitur
179 3219 251 3287 quod
262 3219 285 3272 si
297 3220 466 3288 priuilegiati
478 3221 671 3274 nonnullorum
688 3221 868 3276 confessiones
878 3222 1000 3286 audiant,
1013 3239 1067 3275 non
1079 3223 1114 3276 sit
1129 3222 1310 3291 preiudicium

82 3299 268 3356 interioribus
286 3301 397 3369 prelatis
414 3302 466 3356 nisi
483 3302 539 3356 illis
557 3302 604 3369 qui
621 3308 738 3371 querunt
750 3320 803 3371 que
814 3322 863 3358 sue
874 3308 945 3358 sunt.
960 3304 1019 3368 Que
1031 3304 1117 3358 eciam
1129 3304 1311 3372 adoptionem

81 3400 188 3440 eorum
199 3383 418 3439 conditionaliter
429 3385 558 3439 reuocaui
571 3385 619 3438 illa
635 3386 729 3439 mdem
740 3384 800 3453 die3
813 3391 873 3454 post
884 3405 965 3454 quam
983 3387 1203 3441 renonoationem
1220 3387 1313 3440 addidi

82 3482 189 3520 vorum
205 3483 261 3518 esse
274 3467 345 3532 quod
357 3466 448 3520 nullus
465 3466 501 3520 sit
516 3467 658 3521 hominum
675 3467 838 3522 intentiones
854 3468 1081 3524 certitudinaliter
1097 3470 1150 3524 nisi
1167 3471 1248 3533 Deus,
1266 3471 1313 3524 scd

83 3551 163 3604 bene
173 3547 394 3603 coniecturatiue.

123 3630 194 3685 Item
211 3633 354 3684 contentus
376 3647 436 3683 sum
458 3629 558 3684 dixisse
571 3631 643 3697 quod
663 3632 719 3694 ille,
742 3631 790 3698 qui
810 3631 917 3687 decedit
928 3634 1004 3687 nulla
1015 3635 1155 3702 sepultura
1165 3634 1253 3688 electa
1263 3649 1314 3686 nec

87 3712 203 3767 condito
215 3716 383 3776 testamento,
402 3729 457 3766 non
475 3712 555 3767 debet
570 3712 622 3766 sibi
633 3714 772 3780 sepultura
782 3714 964 3768 ecclesiastica
974 3715 1104 3784 denegari
1116 3720 1142 3769 et
1151 3719 1238 3782 potest
1248 3712 1313 3781 poni

88 3797 122 3850 in
142 3795 287 3862 sepulchro
308 3798 452 3862 parentum
468 3795 503 3848 ad
520 3795 673 3861 exemplum
695 3796 931 3863 patriarcharum
950 3798 996 3852 sed
1012 3798 1043 3851 in
1059 3797 1111 3852 hoc
1127 3797 1244 3851 articulo
1261 3812 1315 3849 non

90 3878 134 3933 fui
146 3878 180 3931 de
191 3876 349 3931 inconfessis
365 3877 472 3931 locutus
489 3882 517 3931 et
533 3878 567 3931 ob
584 3877 636 3930 hoo
653 3882 684 3931 ut
702 3878 797 3932 aiunt:
813 3900 826 3921 a
839 3879 936 3933 Ortum
946 3884 986 3934 est
997 3881 1154 3933 scandalum
1166 3879 1315 3933 maximum

91 3961 154 4014 siue
165 3975 291 4013 murmur
309 3960 338 4012 in
356 3960 457 4028 populo
469 3959 670 4015 Valencenense
681 3964 733 4014 etc.
748 3985 770 4024 n,
783 3961 817 4015 ad
833 3962 907 4017 istud
922 3964 1071 4030 respondeo
1086 3963 1168 4030 quod,
1180 3963 1204 4016 si
1221 3979 1315 4017 verum

91 4043 139 4106 sit,
152 4041 250 4110 ignom
260 4045 353 4095 temen
364 4042 435 4108 quod
446 4058 479 4094 ex
491 4045 567 4109 parte
579 4058 640 4095 mea
648 4040 761 4096 venerit.

127 4124 203 4179 Idem
213 4124 248 4177 de
257 4122 353 4176 sedula
366 4122 450 4176 michi
471 4139 520 4190 per
536 4122 609 4190 ipsos
626 4122 727 4178 tradite
743 4123 779 4177 ad
796 4128 913 4190 quatuor
930 4127 1098 4180 reuocandos
1120 4124 1250 4180 arficulos
1268 4123 1318 4193 qui

93 4206 197 4262 ibidem
209 4209 296 4269 erant,
309 4205 428 4274 primum
446 4205 480 4258 ad
497 4206 608 4273 plenum
626 4222 680 4258 non
692 4206 830 4270 reuocaui,
842 4207 889 4261 sed
900 4207 1011 4261 meliore
1023 4208 1103 4262 modo
1114 4225 1168 4275 quo
1185 4207 1317 4275 petride

93 4287 202 4345 omui
214 4287 368 4354 summique
378 4286 514 4357 pontificis
529 4291 688 4355 potestatem
699 4303 731 4341 ao
743 4287 954 4354 dyocesanorum
967 4288 1088 4356 graciam
1101 4288 1318 4342 mendicantibus

93 4368 235 4443 religiosis
253 4370 376 4441 'graciose
398 4387 553 4425 concessam
572 4370 715 4438 propalaui
736 4386 791 4423 non
810 4370 991 4438 preiudicium
1008 4372 1132 4426 faciendo
1144 4371 1318 4426 inferioribus

132 4452 218 4519 nlius,
230 4452 435 4510 saddoctorum
453 4451 573 4507 retionoe
588 4468 621 4504 ac
640 4468 809 4505 summorum
828 4451 987 4519 pontificum
1009 4453 1193 4508 concessiones
1212 4469 1317 4508 necnon

296 4539 483 4593 autumn
502 4534 688 4595 concessiones
706 4534 863 4603 predicaui3
883 4535 952 4591 duos
973 4552 1038 4590 vero
1057 4535 1168 4603 medios,
1187 4541 1219 4592 ut
1233 4535 1318 4591 michi
