3194 5408
719 491 819 548 ANNO
839 494 914 547 iseo
1380 495 1429 549 34³

183 624 335 701 intelligi,
346 629 480 700 capiendo
490 631 632 702 proprium
647 637 680 688 ut
694 632 874 703 distinguitur
892 638 988 689 contra
998 632 1118 688 alienum
1134 636 1163 688 et
1179 649 1233 688 non
1250 635 1345 688 contra
1356 650 1428 688 oom-

186 729 301 781 mune3
321 719 350 770 et
362 717 489 784 quamuis
504 717 558 772 hoc
573 735 669 772 verum
687 717 731 781 sit,
750 722 781 773 ut
797 721 888 772 tamem
904 719 1020 787 populus
1037 717 1173 786 intelligat
1188 715 1376 771 habitudinem
1394 718 1430 771 ad

188 814 263 850 suos
275 802 399 861 curatos,
407 799 487 854 debet
497 816 560 853 eum
577 799 726 854 informare
736 800 770 854 de
787 800 836 853 illa
847 800 965 867 qualiter
975 799 1058 854 semel
1069 799 1099 852 in
1111 816 1183 853 anno
1193 816 1222 854 se
1231 799 1311 853 debet
1322 816 1427 865 presen-

192 884 262 934 tare
282 880 327 934 illi
347 879 444 947 illique
455 881 595 936 ostendere
606 881 753 948 puritatem
770 881 934 936 conscientie
945 899 1001 945 sue,
1015 885 1046 934 ut
1055 884 1186 949 agnoscat
1196 881 1301 933 vultum
1314 880 1427 948 pecoris,

195 961 275 1017 sicut
286 962 419 1032 scriptum
434 970 474 1018 est
486 963 617 1018 Prouerb.
628 967 669 1018 27.
682 982 689 1018 ε
704 985 716 1008 ιι
735 964 888 1032 Diligenter
903 982 1020 1033 agnosce
1031 964 1136 1018 vultum
1148 961 1252 1031 pecoris
1270 963 1310 1016 tui
1321 980 1428 1031 greges-

197 1061 255 1112 que
273 1050 338 1100 tuos
348 1044 508 1112 considam
523 1069 535 1092 ι
549 1044 595 1099 cui
612 1044 694 1100 etiam
712 1045 781 1114 Reg.
794 1048 836 1100 20.
850 1046 967 1100 dicitur:
985 1067 997 1088 u
1012 1045 1121 1100 Custodi
1134 1044 1224 1098 virum
1236 1044 1335 1110 istum;
1348 1044 1395 1111 qui
1407 1044 1431 1099 si

198 1125 296 1195 lapsus
312 1125 406 1190 fuerit,
424 1126 479 1182 erit
494 1127 587 1182 anima
608 1132 656 1182 tua
676 1145 725 1196 pro
742 1128 834 1182 anima
850 1129 933 1183 illius.
950 1153 962 1176 n
981 1130 1023 1183 hd
1042 1130 1140 1183 fratres
1156 1131 1246 1181 autem
1264 1131 1429 1194 presentatos

200 1213 292 1278 pout
302 1210 420 1278 populus
430 1210 565 1276 contltcri,
577 1211 688 1266 sednon
699 1216 808 1266 tenetur
819 1212 846 1265 vi
858 1211 995 1281 priuilegtj
1008 1211 1048 1266 eis
1058 1229 1075 1265 a
1087 1211 1150 1265 sede
1160 1209 1308 1279 apostolica
1319 1209 1427 1265 indulti.

202 1290 272 1348 Item
292 1293 367 1361 quod
388 1310 406 1347 a
428 1293 485 1348 suis
507 1293 609 1349 curatis
630 1294 713 1349 habet
733 1295 871 1362 precipere
892 1298 1061 1349 sacramenta
1080 1292 1261 1347 ecclesiastica
1279 1294 1428 1348 secundum

203 1373 369 1444 exigentm
380 1379 409 1431 et
419 1375 598 1444 capacitatem
616 1376 690 1430 illius
702 1394 756 1431 non
773 1375 992 1444 apriuilegiatis,
1007 1379 1118 1441 excepto
1129 1378 1298 1428 sacramento
1309 1375 1428 1442 peniten-

205 1456 254 1512 eie.
266 1457 336 1512 Itan
347 1458 420 1526 quod
431 1458 521 1513 curati
531 1475 565 1514 ex
582 1457 749 1528 obligatione
760 1464 884 1526 suscepta
895 1460 929 1512 ab
942 1457 1067 1526 episcopo
1079 1459 1211 1525 quantum
1222 1457 1256 1510 ad
1273 1473 1352 1510 usum
1364 1475 1426 1524 ymo

205 1539 350 1595 sobnae
373 1539 589 1609 primordialiter
610 1545 742 1607 quantum
765 1543 800 1595 ad
828 1545 987 1609 potestatem
1011 1539 1131 1593 clauium
1154 1538 1287 1593 reddituri
1310 1543 1372 1592 sunt
1394 1539 1428 1592 de

206 1622 345 1677 animabus
355 1621 507 1677 commissis
522 1623 665 1688 rationem,
681 1641 736 1678 non
752 1625 792 1677 sic
811 1622 1011 1689 mendicantes3
1024 1625 1135 1690 propter
1145 1621 1197 1674 hoc
1208 1625 1236 1674 et
1252 1618 1308 1674 alia
1324 1619 1426 1674 mendi·

203 1708 293 1759 mutes
303 1704 356 1773 ipsi
367 1721 414 1760 eos
425 1722 493 1773 quos
503 1705 628 1770 audiunt,
643 1707 743 1761 debent
753 1705 872 1761 exortari
884 1723 918 1759 ac
929 1705 1057 1759 inducere
1069 1704 1131 1757 illos
1147 1703 1181 1756 ad
1198 1702 1352 1757 habendum
1364 1719 1426 1757 suos

202 1787 353 1842 sacerdotes
371 1787 543 1855 parochiales
564 1788 593 1842 in
612 1788 767 1844 reuerentia
788 1793 816 1843 et
833 1788 988 1842 nullatenus
1007 1790 1198 1853 contempnere
1214 1801 1269 1849 eos,
1287 1801 1350 1838 cum
1371 1784 1426 1840 sint

199 1872 307 1924 tantum
317 1870 417 1924 hahes
425 1870 483 1924 dati
494 1869 524 1924 in
536 1871 702 1926 adiutorium
715 1889 818 1926 eorum.

235 1952 434 2020 Secundapars
444 1953 637 2021 propositionis
648 1959 706 2008 erat
729 1955 801 2021 qnod
817 1954 919 2008 habent
938 1954 1035 2007 fratres
1055 1951 1107 2020 ipsi
1124 1949 1255 2005 maiorem
1267 1952 1425 2018 potestatem

200 2048 282 2100 quam
293 2032 446 2087 sacerdotes
457 2034 642 2102 parochiales;
656 2038 798 2105 respondet
811 2037 883 2104 quod
901 2042 941 2091 cst
958 2052 1024 2089 uera
1041 2040 1068 2089 ct
1085 2033 1137 2087 boc
1150 2034 1183 2087 de
1200 2031 1356 2100 priuilegio,
1369 2049 1424 2086 non

200 2118 236 2170 de
254 2116 323 2181 iure,
337 2115 390 2170 nisi
408 2117 557 2173 extensius.
578 2121 694 2188 Expedit
712 2122 784 2188 quod
804 2121 932 2176 informet
951 2119 1081 2188 populum
1098 2117 1199 2172 clarius
1217 2117 1252 2171 de
1270 2116 1425 2171 maioritate

200 2197 351 2260 entensiua,
369 2200 436 2265 puta
456 2199 521 2265 quia
539 2201 574 2254 ad
594 2201 687 2269 plures
704 2202 855 2269 parochias,
877 2203 912 2254 ad
929 2203 1019 2268 plures
1038 2202 1181 2268 dyocoeses
1197 2198 1335 2266 supposito
1352 2200 1425 2265 quod

202 2279 255 2334 sint
264 2279 385 2344 admissi,
399 2279 526 2350 dicatque
537 2284 609 2349 quod
620 2285 771 2338 sacerdotes
783 2283 872 2338 curati
883 2284 984 2338 habent
996 2286 1152 2350 potestatem
1164 2280 1330 2335 ordinariam
1342 2297 1425 2348 super

202 2380 262 2419 suos
277 2365 467 2432 parochianos,
481 2381 536 2418 non
552 2364 731 2433 priuilegiati,
745 2364 810 2431 quia
821 2364 910 2419 maior
926 2370 965 2420 ast
982 2383 1014 2418 eo
1026 2365 1098 2432 quod
1115 2363 1291 2427 essentialior,
1304 2380 1336 2417 eo
1351 2364 1423 2430 qtrod

203 2447 354 2516 obligatior,
367 2465 400 2503 eo
418 2448 490 2516 quod
502 2464 519 2500 a
530 2447 628 2501 maiori
647 2452 713 2515 puta
726 2446 833 2502 Christo
848 2447 981 2501 instituta.
994 2447 1062 2501 Item
1079 2446 1144 2501 licet
1157 2463 1252 2500 eorum
1263 2445 1378 2500 facultas
1392 2444 1422 2498 in

202 2529 342 2585 audiendis
351 2529 565 2585 confessionibus
583 2530 619 2584 sit
639 2529 727 2583 maior
744 2529 882 2583 extensius
899 2531 979 2583 modo
996 2530 1078 2593 dicto,
1093 2546 1147 2583 non
1166 2534 1256 2582 tamen
1273 2529 1419 2594 extensius,

202 2611 263 2678 quia
273 2629 329 2667 non
340 2612 376 2666 ad
387 2611 504 2666 maiores
515 2629 593 2665 casus
604 2629 652 2666 seu
669 2612 812 2680 grauiores
823 2630 904 2680 qurum
922 2616 1079 2667 curatorum
1092 2611 1118 2663 vi
1130 2609 1268 2679 priuilegtj
1281 2611 1422 2679 apostolici

201 2696 335 2762 concessi3
354 2699 446 2751 tamen
466 2699 574 2763 possent
593 2694 695 2750 habere
707 2714 785 2750 casus
797 2701 948 2751 reserumos
965 2714 981 2749 a
998 2712 1103 2749 summo
1114 2693 1250 2762 pontifice,
1263 2693 1286 2746 si
1304 2695 1422 2761 placeret

200 2777 240 2830 vel
251 2777 387 2845 episcopo,
400 2781 428 2832 et
438 2775 536 2831 curati.

230 2858 372 2913 Secunda:
385 2880 399 2901 a
408 2855 574 2912 Parochiani
585 2875 640 2911 non
651 2862 778 2913 tenentur
785 2860 866 2913 semel
884 2859 913 2912 in
930 2876 1003 2913 anno
1014 2862 1094 2925 atquc
1106 2856 1174 2911 alias
1185 2855 1308 2911 confiteri
1320 2855 1420 2923 presbi-

197 2944 254 2994 tero
264 2939 416 3008 parochiali
428 2939 480 2993 nisi
492 2939 526 2993 de
537 2955 631 2993 eorum
643 2940 820 3007 beneplacito.
834 2966 846 2986 κ
860 2940 1026 3009 Responsio:
1041 2938 1097 2993 Etsi
1110 2939 1188 2992 istam
1200 2955 1255 2991 non
1266 2937 1422 3006 predicaue·

197 3023 249 3078 rim
265 3022 295 3077 in
307 3023 397 3076 torma
408 3038 528 3090 unquam
539 3027 621 3090 atque
637 3040 654 3076 a
671 3040 732 3077 mea
742 3025 872 3077 memoris
889 3024 986 3087 euasit,
1007 3030 1047 3078 cst
1065 3027 1155 3077 tamen
1167 3038 1239 3084 vera,
1251 3021 1274 3074 si
1295 3021 1418 3076 confiteri

197 3107 321 3175 capiatur
339 3121 389 3173 pro
400 3108 510 3171 peccata
521 3121 645 3173 expresse
657 3105 753 3170 tateri3
774 3105 797 3158 si
814 3112 904 3160 autern
916 3107 1041 3174 capiatur
1057 3109 1137 3172 prout
1154 3103 1225 3157 idem
1242 3107 1281 3157 est
1301 3105 1372 3171 quod
1390 3122 1433 3158 se

196 3184 278 3238 semel
296 3183 325 3236 in
344 3198 416 3235 anno
428 3186 614 3248 representare
631 3200 663 3237 ac
675 3200 704 3236 se
715 3184 866 3238 confessum
877 3201 1005 3246 asserere,
1024 3201 1156 3252 arrogans
1175 3193 1216 3241 cst
1234 3193 1261 3242 et
1280 3192 1417 3255 pmtcrua.

196 3268 255 3322 tlec
271 3264 411 3333 responsio
432 3264 521 3331 quoad
541 3263 593 3318 boo
613 3265 666 3320 nisi
683 3267 717 3320 de
733 3283 828 3321 eorum
846 3266 1021 3334 beneplacito,
1035 3266 1143 3321 videtur
1163 3268 1276 3323 innuere
1296 3272 1367 3336 quod
1384 3271 1420 3325 sit

194 3365 270 3403 mem
281 3344 468 3402 voluntarium
481 3346 677 3412 parochianum
689 3349 823 3407 sacerdoti
834 3366 883 3401 suo
899 3348 1049 3415 parochiali
1061 3366 1110 3402 sua
1126 3355 1236 3416 peccata
1247 3349 1325 3404 fateri
1337 3352 1419 3406 semel

194 3430 224 3484 in
236 3447 318 3492 anno,
332 3427 404 3495 quod
416 3443 470 3480 non
482 3432 522 3481 est
535 3445 629 3482 verum
641 3449 649 3493 ;
670 3446 743 3492 nam,
756 3430 820 3483 licet
836 3447 889 3483 non
907 3429 943 3482 sit
960 3430 1140 3483 necessarium
1152 3432 1273 3485 absolute
1283 3431 1336 3484 hoc
1347 3433 1416 3496 fieri,

194 3510 261 3579 quia
281 3509 408 3578 possibile
428 3513 469 3562 est
489 3509 560 3575 quod
583 3510 665 3565 fuerit
687 3511 823 3564 confessus
845 3510 955 3565 habenti
976 3515 1134 3577 potestatem
1152 3511 1240 3578 ipsum
1261 3513 1417 3567 absolvendi

193 3599 220 3647 et
238 3593 273 3646 ab
284 3609 316 3645 eo
327 3590 467 3645 absolutus
489 3589 574 3644 fuerit
591 3595 619 3645 et
638 3609 671 3646 ex
688 3592 736 3646 illo
748 3596 884 3647 momento
897 3610 951 3646 non
971 3593 1005 3647 sit
1026 3592 1149 3647 conscius
1161 3593 1264 3661 peccati
1283 3594 1415 3658 mortalis,

190 3676 259 3730 dum
271 3673 338 3741 petit
355 3689 373 3726 a
382 3688 432 3725 suo
444 3678 540 3727 curato
553 3675 727 3729 eucaristiam
739 3696 746 3742 3
759 3680 850 3730 tamen
861 3677 972 3743 expedit
991 3693 1040 3729 suo
1058 3681 1153 3731 curato
1165 3676 1315 3744 parochiali
1334 3680 1417 3732 semel

188 3757 222 3810 in
233 3773 306 3811 anno
315 3757 448 3818 confiteri.
468 3758 496 3811 id
517 3762 558 3812 est
568 3775 618 3811 sua
630 3761 741 3825 peccata
758 3757 847 3820 fateri,
861 3775 914 3812 non
927 3759 975 3812 illa
992 3759 1135 3825 dequibus
1151 3760 1299 3822 absolutus,
1312 3761 1359 3813 sed
1370 3765 1418 3814 aut

188 3839 320 3903 venialia,
329 3839 352 3892 si
361 3841 438 3894 nulla
446 3840 573 3894 mortalia
584 3839 684 3894 babere
695 3858 723 3894 sc
731 3840 855 3894 meminit
864 3845 923 3907 post
931 3857 1044 3895 examen
1052 3841 1173 3896 debitum
1184 3858 1232 3895 sue
1243 3840 1415 3907 conscientie,

187 3926 223 3974 ut
234 3919 329 3974 dicum
340 3921 450 3987 quidam
463 3922 587 3976 doctores
599 3920 702 3988 magni,
722 3927 770 3976 aut
781 3923 853 3987 quod
871 3939 925 3975 non
943 3928 983 3976 est
1000 3923 1123 3976 conscius
1135 3923 1238 3990 peccati
1250 3923 1372 3977 mortalis
1383 3925 1418 3977 ad

185 4001 411 4056 satisfaciendum
421 4008 550 4071 precepto
560 4004 674 4058 ecclesie
683 4021 732 4072 per
743 4003 903 4057 decretalem
916 4023 922 4057 :
938 4006 1034 4057 Omnis
1046 4011 1189 4074 attritasque
1200 4023 1290 4059 secus.
1302 4006 1418 4073 Propter

185 4086 310 4141 rationes
330 4091 415 4140 tactas
434 4086 508 4140 circa
531 4087 732 4154 responsionem
750 4088 893 4140 memorati
911 4087 1003 4140 fratris
1021 4090 1155 4154 quomodo
1172 4089 1251 4143 debet
1269 4088 1417 4142 informare

185 4169 321 4237 populum
333 4169 366 4221 de
382 4168 543 4224 habitudine
560 4170 619 4224 eius
638 4171 672 4223 ad
692 4187 755 4223 suos
771 4171 922 4224 sacerdotes
942 4171 1120 4236 parochiales,
1133 4171 1172 4224 ita
1189 4169 1306 4224 consulit
1322 4169 1416 4223 boatus

185 4250 310 4305 Thomas
327 4250 357 4303 in
370 4256 468 4318 quarto
480 4252 677 4307 sententiarum
689 4253 715 4305 d.
730 4256 760 4306 17
778 4256 805 4307 et
822 4270 949 4319 sequaces
966 4253 1024 4306 eius
1034 4254 1153 4306 dicentes
1170 4253 1242 4320 quod
1253 4251 1417 4305 confessores

183 4331 359 4402 priuilegiati
379 4337 407 4387 ct
427 4335 565 4389 commissi
586 4336 684 4389 debent
704 4336 845 4389 consulere
865 4340 892 4389 et
912 4336 1040 4389 inducere
1056 4353 1118 4389 eum
1139 4336 1174 4389 ad
1193 4336 1232 4388 sic
1252 4335 1414 4390 faciendum.

183 4417 317 4472 Albertus
340 4417 458 4485 Magnus
481 4417 549 4472 dicit
571 4417 600 4471 in
623 4418 729 4472 forma:
747 4419 864 4484 Propter
887 4418 1007 4471 officium
1030 4419 1164 4485 pastorale
1185 4422 1212 4472 ct
1235 4417 1415 4472 reuerentiam

181 4499 360 4554 sacerdotum
377 4499 482 4568 etquis
495 4518 549 4556 nou
568 4505 609 4556 est
624 4501 663 4557 eis
675 4501 871 4556 detrahendum
883 4517 975 4556 coram
989 4501 1111 4566 subditis,
1131 4502 1238 4558 videtur
1249 4501 1321 4572 quod
1337 4501 1413 4557 abso·
