3188 5408
673 538 773 595 ANNO
792 541 868 592 1235
1344 542 1390 593 101

55 665 286 735 videris,
304 669 444 740 negotium
460 670 646 739 Inquisitionis
667 672 755 728 dictae
775 672 936 736 committas,
960 671 1007 740 qui
1031 688 1079 741 per
1097 671 1254 728 universum
1273 689 1390 742 regnum

57 753 417 822 Franciaepassim
439 758 534 808 contra
553 753 703 808 haereticos
725 772 787 809 cum
808 756 992 822 praelatorum
1009 758 1037 809 et
1058 755 1175 809 aliorum
1197 756 1313 810 trabum
1327 755 1390 810 reli·

63 831 320 903 giososum,
332 836 495 905 sapientium
512 853 620 904 quoque
636 837 758 901 oonsilio,
771 856 804 892 ea
820 838 927 893 cautela
946 838 1093 906 procedunt
1114 840 1144 891 ut
1162 836 1317 893 innocentia
1335 836 1391 893 ”non

65 924 271 984 pereat
279 923 305 974 et
316 918 447 986 iniquitas
458 936 512 973 non
523 923 663 973 remaneat
674 919 815 987 impunita.

125 996 309 1058 Datum
320 1000 437 1065 Perusii,
450 1000 504 1056 XII
516 1000 646 1055 kalendas
658 1000 830 1069 Septembris,
841 999 1013 1068 pontificatus
1031 998 1116 1055 nostri
1127 1017 1199 1054 enno
1210 1017 1291 1055 nono.

433 1130 535 1199 Ripoll,
547 1131 607 1185 decl
618 1130 640 1192 1,
653 1130 703 1184 blz.
714 1134 755 1195 80,
769 1141 799 1184 11Ι
810 1133 866 1186 131.
877 1129 1018 1194 (Potthast,
1029 1130 1089 1184 decl
1099 1130 1122 1192 1,
1135 1131 1186 1185 blz.
1197 1134 1254 1195 819,
1266 1141 1295 1184 nr
1306 1132 1394 1196 9993.)

732 1304 816 1372 101.

172 1491 325 1574 1235,
343 1495 523 1580 Augustus
538 1492 598 1573 23,
624 1493 784 1558 Perusia.
805 1492 865 1558 Bul
886 1511 949 1557 van
977 1491 1155 1577 Gregorius
1182 1491 1232 1557 IX
1262 1489 1391 1578 gericht

81 1591 190 1658 tot
226 1595 302 1663 den
319 1594 513 1681 predikheer
528 1594 664 1675 Robert,
683 1615 734 1662 om
751 1595 825 1661 hem
837 1601 870 1662 te
883 1593 1017 1660 bevelen
1034 1593 1074 1659 de
1086 1593 1392 1680 kettervervolging

85 1696 199 1760 ter
235 1697 385 1766 berteto
409 1718 526 1765 nemen
547 1699 580 1764 iu
605 1697 1248 1776 16611111111611111161186113,1161111161
1271 1697 1392 1765 andere

89 1801 365 1889 geestelijte
392 1799 596 1888 aldeelingen
628 1821 692 1867 van
723 1800 780 1868 het
812 1799 1005 1888 koninkrijk
1042 1798 1233 1890 FraukriJk.
1267 1835 1310 1849 -
1340 1800 1393 1868 Na

92 1897 317 1971 dezellde
329 1903 583 1992 beweegredens
594 1909 629 1972 te
640 1901 767 1970 hebben
783 1903 867 1970 doen
884 1903 1000 1990 gelden
1013 1905 1063 1970 als
1078 1904 1110 1970 in
1128 1904 1168 1970 de
1184 1903 1392 1990 voorgaaude

93 1998 240 2086 bul,
264 2005 387 2075 bereelt
401 2007 441 2075 de
462 2028 544 2094 peus
558 2027 621 2074 aen
645 2005 782 2074 breeder
798 2005 921 2074 Robert
936 2026 1018 2073 naar
1040 2005 1099 2073 het
1125 2005 1298 2074 voorbeeld
1327 2026 1391 2074 van

96 2103 322 2179 Christus
345 2116 412 2178 met
438 2110 729 2197 gehoorzaamheid
753 2131 794 2177 en
818 2108 1061 2196 zeliopoffering
1075 2113 1175 2196 tegen
1200 2109 1240 2176 de
1265 2111 1392 2178 11611611

101 2207 225 2275 der
255 2213 537 2282 eartsbisdommen
552 2213 644 2293 Sena,
663 2214 784 2294 Raima,
803 2234 875 2280 enz.
894 2219 928 2280 te
943 2212 1037 2280 velde
1052 2215 1085 2280 te
1101 2213 1255 2280 trekkeo.

168 2395 353 2468 Gregorius
364 2400 513 2470 episcopus,
532 2418 626 2457 servus
636 2417 776 2456 servorum
793 2398 852 2464 Dei,
865 2398 964 2454 dilecto
982 2398 1040 2453 fllio
1057 2398 1136 2455 trntri
1156 2396 1270 2454 Roberti
1286 2396 1391 2454 ordinis

108 2472 292 2537 fi'atnun
303 2484 528 2552 praedicatorum,
540 2485 655 2539 salutem
666 2489 693 2539 et
704 2482 878 2551 apostolicam
890 2481 1113 2536 benedictionem.

174 2557 315 2620 Dudum
332 2567 369 2621 ad
388 2567 544 2635 aliquorum
560 2584 694 2630 murmur,
711 2565 765 2632 'qui
783 2583 837 2620 non
855 2565 1028 2633 patiebantur
1043 2569 1070 2620 te
1086 2568 1135 2619 aut
1154 2566 1251 2620 fratres
1274 2570 1336 2620 tuos
1359 2565 1390 2622 in

113 2642 297 2701 pax-tibus
313 2648 462 2704 Gallicanis
476 2650 512 2704 ad
532 2649 724 2718 inquirendum
741 2666 823 2717 super
840 2648 978 2703 haeretica
994 2649 1128 2717 pravitate
1145 2650 1298 2717 procedere,
1312 2668 1390 2718 quae,

115 2720 177 2770 ¹¹⁶
206 2728 336 2796 &lebant
354 2734 389 2786 de
404 2731 509 2786 haeresi
527 2748 581 2785 non
598 2732 707 2785 fuerant
723 2729 878 2794 infirmatae,
897 2729 1053 2798 scripsimus
1070 2731 1119 2785 tibi
1136 2736 1164 2786 et
1180 2730 1242 2785 aliis
1261 2732 1391 2788 trabibus

116 2798 263 2863 tecum
280 2814 314 2869 ad
330 2814 383 2869 hoc
394 2815 534 2882 negotium
546 2812 690 2881 deputatis,
703 2817 734 2867 ut
745 2812 953 2880 supersederetis
964 2830 981 2867 a
992 2817 1086 2882 coepto
1098 2814 1217 2883 negotio,
1230 2831 1266 2868 ue
1278 2814 1325 2869 ubi
1337 2833 1392 2870 non

117 2889 354 2952 Pmoeeserot
370 2896 484 2950 infamia
500 2896 627 2959 haeresis,
646 2899 710 2949 nota
726 2894 930 2962 perquireretur
945 2895 1054 2949 erroris.
1069 2896 1179 2960 Verum,
1192 2895 1258 2964 quia
1275 2901 1390 2965 postmo-

117 2959 246 3036 dum,
258 2997 294 3038 eo
303 2982 441 3038 revelante
451 2979 583 3035 interiora
594 2979 713 3046 parietis,
726 2978 774 3045 qui
790 2980 963 3032 tenebrarum
980 2979 1106 3046 producit
1122 2996 1189 3047 opus
1205 2979 1235 3033 111
1251 2980 1341 3034 lucem
1363 2985 1391 3037 61

119 3042 185 3096 ad
204 3053 377 3129 vindictam,
387 3081 450 3118 cum
461 3063 528 3126 vult,
538 3061 624 3130 exigit
640 3062 765 3115 umbram
776 3060 880 3124 mortis,
893 3066 969 3115 tanta
980 3063 1013 3116 de
1025 3061 1158 3116 universis
1166 3061 1245 3130 regni
1257 3062 1390 3119 Franciae

120 3131 297 3201 partibus
312 3145 428 3200 ebullire
443 3143 545 3199 dicitur
560 3148 755 3198 venenatorum
772 3141 918 3196 multitudo
938 3141 1078 3210 reptilium
1094 3147 1121 3197 et
1140 3142 1284 3199 haeresum
1303 3141 1391 3202 sanies

115 3214 314 3298 8091111116,
327 3229 400 3298 quod
410 3226 507 3281 amodo
518 3225 557 3279 sic
569 3242 623 3279 uon
640 3228 752 3293 possunt
766 3224 835 3279 haec
845 3225 920 3278 salva
936 3224 1048 3279 tolerari
1066 3224 1239 3291 conscientia,
1253 3227 1325 3283 siout
1340 3228 1391 3284 nec

114 3283 263 3362 abque
277 3309 499 3380 tergiversatione
510 3308 593 3362 celari
604 3327 611 3374 ς
624 3306 781 3362 discretioni
797 3310 861 3361 tuae
878 3323 928 3374 per
937 3307 1086 3375 apostolica
1101 3307 1203 3376 scripta
1221 3309 1389 3375 mandamus,

115 3374 306 3448 ‘lua-tenu„
317 3393 396 3447 illum
409 3391 526 3455 imitans,
538 3390 585 3457 qui
602 3390 732 3456 usquead
744 3394 858 3444 mortem
869 3389 1050 3444 obedientiam
1063 3407 1117 3444 non
1129 3390 1275 3445 intermisit
1286 3391 1391 3461 injunc-

112 3439 204 3538 t³¹3¹
229 3478 274 3529 et
283 3476 371 3539 illum,
385 3473 432 3542 qui
443 3473 527 3528 vitam
539 3473 677 3541 propriam
687 3489 716 3526 se
732 3471 918 3539 pretiosiorem
930 3473 1019 3526 faeere
1030 3472 1125 3535 voluit,
1138 3473 1185 3527 sod
1202 3489 1251 3540 pro
1269 3473 1391 3530 fidelium

109 3530 328 3621 a¹ff¹¹¹¹1²bus,
352 3556 481 3625 impensis
502 3554 636 3619 omnibus,
666 3571 779 3622 corpore
801 3571 908 3621 quoque
929 3553 1129 3622 superimpendi
1152 3572 1201 3623 per
1225 3554 1390 3612 eminentem

107 3612 292 3702 ⁸⁰¹in
307 3639 380 3693 viam
401 3637 523 3692 caritatis
541 3637 634 3706 elegit,
652 3636 791 3703 aliumque
809 3639 967 3690 veteranum
990 3640 1017 3690 et
1030 3637 1182 3692 emeritum
1199 3637 1325 3702 militem,
1344 3640 1391 3708 qui

105 3688 220 3832 31?
238 3721 380 3777 extremis
391 3738 474 3790 agens
486 3737 541 3774 non
558 3719 649 3774 timuit
665 3736 790 3775 recusare
808 3719 937 3782 laborem,
950 3719 1036 3788 eligas
1052 3719 1104 3774 isto
1119 3719 1204 3774 vitam
1223 3719 1303 3775 linire
1320 3739 1391 3776 mar·

199 3803 247 3858 Ο.
276 3808 303 3858 61
319 3803 450 3872 quamdiu
461 3802 573 3871 spiritus
590 3802 713 3871 proprios
731 3801 804 3869 regit
819 3800 949 3856 articulos
960 3801 1186 3856 inremissionem
1204 3802 1393 3871 peccaminum

101 3852 183 3908 Μ’
198 3867 643 3951 81111011611,86111611.(1)611111111
654 3884 807 3952 provincias
815 3883 894 3952 regui
907 3883 1040 3938 Franciae
1051 3884 1150 3952 passim
1159 3885 1322 3951 haereticos,
1329 3904 1392 3941 cum

100 3983 1373 4050 N-——-——————

85 4156 130 4218 Ν
146 4100 217 4177 (1)
255 4132 353 4203 Ripoll
363 4136 424 4202 zegt
434 4150 501 4188 over
510 4132 558 4187 dat
569 4133 677 4186 woord:
692 4153 704 4175 a
718 4132 871 4184 Semerssem
883 4128 1049 4199 provinciam
1066 4130 1096 4184 iu
1114 4130 1212 4186 Gallia
1224 4132 1285 4199 quis
1296 4130 1390 4186 novitl

82 4191 272 4312 <figulus
282 4216 379 4270 melius
392 4216 553 4270 Crmenseu
567 4215 725 4269 Cemenium
738 4215 876 4277 Trnntnm,
882 4214 932 4267 sub
944 4230 997 4280 quo
1006 4214 1275 4281 comprehenduntur
1283 4214 1390 4283 provin·

73 4315 118 4373 1)
194 4275 405 4352 νεηνίεω,
416 4296 743 4366 superioreeaoaaum
755 4294 1273 4364 cumperteltottenorum.n(n1daar‚
1284 4299 1390 4362 noeto).
1476 4346 1482 4357 ,

62 4352 224 4477 ᾒὲῗθ
249 4382 360 4450 giming
371 4381 395 4434 is
406 4381 591 4436 onhoudbaar.
605 4380 747 4447 Blljkboar
763 4384 834 4434 moet
850 4396 912 4433 meu
929 4379 990 4433 hier
1006 4379 1187 4445 Rementsem)
1205 4381 1297 4446 lezen3
1315 4383 1393 4434 naast

54 4463 419 4590 veQQ-nrtsbisdom
438 4464 505 4519 Seres
525 4463 614 4518 werdt
632 4462 679 4517 het
695 4461 829 4532 naburige
846 4460 1023 4516 aartsbisdom
1044 4462 1139 4516 Reimr
1158 4462 1219 4518 heol
1239 4462 1389 4529 natumlljk

236 4548 302 4605 eld.
