3194 5408
610 484 710 543 ANNO
729 491 806 543 140³
1267 492 1314 544 261

55 633 226 770 ‘leffium
248 616 355 687 1199199
376 628 491 699 9111119,
517 629 639 695 Petrum,
657 627 738 685 XIIII
754 628 810 684 hal.
834 629 911 694 Iulii,
941 629 1114 698 pontificatus
1135 629 1313 686 9991119999

170 733 202 770 9.

350 779 678 843 11991191191119225228.
691 807 725 819 -
736 779 809 833 0191
821 778 854 832 de
863 777 1065 846 verrichtingen
1076 793 1129 830 van
1140 777 1192 831 den
1199 776 1310 845 inquisi-

382 867 443 917 teur
455 862 556 929 llylard
568 862 737 917 Schonevald
749 861 779 915 in
797 861 985 925 Duitschland,
999 861 1112 915 soordat
1131 861 1169 927 hij
1191 877 1258 915 naar
1276 862 1310 915 de

382 943 569 999 Nederlaudau
581 946 746 1009 overhwam,
760 944 800 999 aie
811 946 906 1000 aldaar
919 946 968 999 blz.
982 947 1039 1008 225,
1052 947 1110 1008 228,
1123 949 1179 998 229.
1198 945 1230 999 19
1248 949 1311 1000 1402

380 1028 429 1084 liet
438 1030 477 1097 hij
489 1036 516 1086 ta
529 1028 640 1084 Lubech
650 1045 685 1083 eu
696 1028 727 1083 in
746 1031 809 1083 1103
831 1031 857 1082 19
869 1027 1010 1084 Weismar
1024 1026 1119 1095 eanige
1136 1027 1236 1084 11911919
1253 1045 1311 1083 ver·

384 1113 515 1168 brandan.

653 1308 745 1377 245.

126 1499 242 1577 1403,
260 1501 346 1566 Juai
357 1499 417 1578 30,
436 1501 567 1585 Panic.
594 1498 724 1567 Vonnis
741 1497 821 1565 door
835 1498 860 1562 's
875 1493 1018 1582 loninge
1041 1494 1228 1565 Parlement
1248 1499 1312 1566 1111-

69 1604 273 1690 gesprosen
303 1622 383 1668 over
412 1604 470 1671 het
502 1603 639 1690 geschil‚
681 1601 737 1668 dat
766 1600 921 1667 tusschen
956 1598 1019 1664 den
1058 1597 1207 1687 1119991191
1246 1622 1311 1670 van

13 1692 23 1705 ”
71 1706 262 1794 Kamarijk
287 1726 329 1772 en
352 1701 985 1782 Ν11191999199Ρ111ο999,1199119199
1009 1702 1072 1768 den
1099 1704 1309 1789 algemeenen

73 1809 295 1894 inquisiteur,
314 1812 491 1886 19199991,
511 1829 551 1875 en
576 1809 639 1874 den
663 1805 905 1891 aartsbisschop
921 1825 985 1871 van
1007 1806 1117 1872 Reims
1143 1826 1183 1872 en
1199 1809 1308 1896 zijnen

75 1912 225 1980 officiaal
241 1918 294 1979 ter
310 1913 433 1978 andere
450 1911 532 1997 zijde
548 1930 730 1998 opgerazen
746 1930 816 1975 was
839 1908 1030 1994 aangaande
1046 1909 1102 1976 het
1125 1911 1219 1995 geva]
1243 1932 1308 1978 van

75 2016 193 2083 Maria
208 2015 381 2082 Ducanech
397 2035 460 2081 van
478 2015 662 2103 Kamarijk‚
682 2013 790 2079 welle
806 2032 871 2080 van
887 2011 1020 2100 ketterij
1038 2013 1129 2078 werd
1152 2013 1309 2083 verdacht

77 2106 314 2205 en‘vervolgd.
334 2119 438 2184 -De
462 2122 550 2184 twee
577 2122 710 2184 eersten
737 2114 943 2193 beweerden,
971 2113 1027 2181 dat
1054 2113 1307 2202 bovengemelde

75 2220 192 2290 Maria
205 2219 249 2309 bij
266 2222 330 2287 den
345 2219 586 2307 aartshisschop
600 2240 666 2286 van
682 2219 791 2287 Raims
808 2223 906 2304 legen
922 2218 991 2283 hun
1007 2219 1124 2284 vonnis
1142 2220 1176 2285 in
1188 2217 1307 2308 beroep

76 2326 155 2392 niet
170 2324 280 2391 mocht
302 2345 406 2411 gaan;
428 2344 519 2390 mear
534 2326 592 2390 het
614 2324 803 2389 Parlement
818 2319 907 2408 geeft
923 2321 991 2388 hun
1007 2322 1153 2409 ongalijk
1176 2344 1217 2390 en
1232 2344 1306 2391 ver·

75 2425 232 2497 oordeelt
248 2427 314 2494 hen
329 2427 362 2493 in
379 2427 419 2494 de
434 2427 554 2495 kosten
571 2446 635 2492 vau
651 2426 709 2494 hat
724 2424 856 2512 gading.

113 2613 188 2669 curn
198 2610 315 2667 dilectus
332 2629 365 2666 ac
386 2611 475 2668 fidelis
492 2612 665 2667 consiliarius
686 2615 778 2668 noster
791 2613 993 2668 Cameracensis
1013 2612 1154 2681 episcopus
1173 2618 1201 2669 et
1222 2615 1307 2671 frater

77 2696 216 2754 Nicolaus
232 2696 267 2751 de
282 2694 418 2761 Perenna,
432 2696 536 2750 ordinis
558 2697 678 2749 fratrum
696 2695 908 2764 predicatorum,
932 2714 960 2749 99
982 2696 1153 2763 inquisitoris
1172 2699 1308 2765 generalis

75 2797 165 2849 super
173 2778 265 2834 heresi
275 2780 309 2832 ab
320 2778 470 2846 apostolica
481 2778 545 2832 sede
555 2779 678 2846 deputati
690 2778 825 2832 vicarium
836 2795 968 2844 asserens,
981 2779 1011 2832 in
1022 2778 1074 2833 hac
1086 2784 1164 2847 parte
1173 2786 1309 2836 consortes

75 2863 162 2918 nobis
180 2861 321 2929 conquesti
339 2861 462 2920 fuissent.
477 2861 559 2928 quod,
572 2863 637 2915 licet
657 2860 711 2928 ipsi
733 2865 938 2928 conquerentes,
958 2861 1101 2929 episcopus
1123 2861 1251 2918 videlicet
1272 2867 1306 2919 ad
1417 2916 1422 2934 ,

75 2961 194 3000 cauam
205 2943 248 2998 sui
257 2943 426 3010 episcopatus
437 2948 463 2996 91
477 2943 600 2996 vicarius
610 2941 774 2996 auctoritate
786 2942 838 2995 sibi
850 2960 866 2995 a
878 2942 952 2995 dicta
963 2944 1027 2996 sede
1038 2944 1188 3010 apostolica
1199 2944 1306 3000 indulta

76 3034 108 3084 et
124 3043 263 3093 99999999,
275 3025 395 3080 habeant
406 3030 453 3092 jus
470 3025 563 3092 eisque
575 3025 657 3078 liceat
668 3030 765 3079 contra
775 3024 846 3089 illos,
857 3024 944 3090 quiin
956 3025 1029 3078 dicto
1042 3026 1198 3093 episcopatu
1211 3029 1304 3082 Game-

74 3112 190 3165 racensi
201 3109 234 3163 de
245 3107 361 3162 crimine
371 3107 473 3161 heresis
490 3111 518 3163 et
529 3115 625 3161 contra
642 3107 724 3160 fidem
735 3123 785 3175 pro
805 3107 936 3175 suspectis
959 3107 1104 3172 habentur,
1124 3109 1263 3175 inquirere
1279 3117 1306 3166 91

75 3192 230 3262 procedere
240 3196 268 3244 et
278 3191 312 3244 ad
323 3206 432 3244 causam
445 3189 602 3257 hujusmodi
614 3195 642 3243 et
654 3190 722 3243 alias
733 3189 824 3244 debite
835 3189 942 3243 fuerint
955 3195 982 3244 et
995 3190 1050 3244 siut
1063 3193 1092 3245 in
1103 3192 1268 3258 possessione
1279 3200 1305 3249 91

73 3273 199 3340 99191991
212 3273 283 3340 quod
294 3273 397 3327 tociens
407 3274 538 3340 quociens
557 3271 708 3341 supradicti
729 3273 869 3340 episcopus
883 3277 909 3327 et
923 3272 1071 3339 inquisitor
1083 3290 1129 3326 seu
1140 3273 1259 3329 vicarius
1269 3279 1304 3331 ab

73 3355 294 3425 ipsedeputatus
304 3354 333 3410 in
346 3372 409 3409 casu
421 3354 524 3409 heresis
535 3373 581 3409 seu
592 3355 647 3410 alio
656 3354 819 3407 catholicam
830 3356 911 3409 fidem
923 3360 1052 3423 tangente
1063 3356 1146 3409 simul
1153 3360 1304 3423 procedunt

73 3444 179 3493 contre
189 3436 308 3504 aliquam
326 3452 468 3504 personam
486 3437 519 3489 de
537 3436 609 3489 dicto
624 3437 812 3490 cameracensi
830 3438 999 3504 episcopatu,
1011 3438 1045 3490 ab
1062 3437 1127 3504 ipsis
1144 3455 1199 3493 non
1217 3445 1306 3507 potest

72 3537 169 3587 neque
182 3518 262 3573 debet
272 3517 404 3586 appellari
415 3533 466 3571 nec
478 3517 610 3584 perviam
623 3516 812 3585 appellationis
824 3534 912 3584 neque
925 3519 994 3572 alias
1005 3536 1165 3586 quocunque
1177 3523 1303 3577 modoad

71 3602 213 3656 dilectum
223 3605 250 3655 et
260 3600 368 3654 fidelem
376 3599 564 3654 consiliarium
576 3605 700 3654 nostrum
713 3598 875 3654 Remansem
889 3601 1122 3669 archiepiscopum
1133 3621 1184 3658 nec
1195 3610 1229 3661 ad
1240 3624 1303 3662 suos

71 3683 212 3738 officiales
221 3701 268 3737 sau
285 3682 401 3737 vicarios
411 3699 474 3736 suos
486 3697 613 3735 recursus
623 3681 736 3748 haberi3
749 3681 778 3735 in
790 3683 958 3750 possessione
969 3689 996 3738 91
1007 3684 1106 3739 saisina
1117 3689 1187 3752 quod
1200 3707 1302 3743 199199·

71 3767 132 3820 rati
144 3763 373 3833 archiepiscopus,
385 3764 482 3818 vicarii
494 3769 543 3818 aut
559 3764 688 3817 officiales
705 3781 793 3831 neque
815 3765 862 3819 alii
886 3767 1011 3820 officiarii
1036 3767 1078 3820 sui
1100 3769 1254 3839 quicunque
1274 3773 1303 3827 iu

71 3848 162 3902 dictis
172 3846 278 3900 casibus
295 3847 397 3900 heresis
416 3845 498 3900 fidem
517 3846 693 3914 tangentibus
714 3863 796 3914 supra
817 3849 890 3914 ipsos
908 3849 1066 3916 episcopum
1084 3852 1155 3906 etde
1175 3852 1302 3907 Perouna

71 3944 243 3997 cognoscere
254 3944 341 3995 neque
351 3946 413 3982 suas
425 3928 599 3983 inhibitorias
610 3927 718 3982 litteras
730 3929 760 3982 in
772 3947 835 3984 casu
848 3931 1045 3998 appellacionis
1057 3948 1107 3985 nec
1118 3933 1186 3988 alias
1205 3942 1300 3990 contra

71 4012 154 4079 ipsos
172 4009 325 4075 9119991991
342 4018 370 4066 91
381 4011 515 4065 vicarium
528 4026 615 4076 neque
632 4009 755 4076 ipsorum
773 4011 893 4078 aliquem
906 4030 939 4067 ex
951 4013 1193 4082 appellacionibus,
1203 4032 1256 4082 que
1265 4019 1299 4070 ab

71 4095 147 4161 ipsis
157 4092 357 4161 archiepiscopo
376 4091 433 4146 sive
444 4091 500 4146 suis
511 4091 673 4145 officialibus
684 4091 755 4145 datis
768 4110 815 4146 seu
826 4093 924 4147 dandis
936 4111 990 4147 non
1002 4094 1155 4159 obediendi,
1168 4114 1260 4165 ymmo
1270 4098 1299 4151 in

73 4174 242 4244 supradictis
259 4176 367 4230 casibus
383 4176 417 4228 ad
434 4176 525 4229 sedem
547 4180 669 4229 sanctam
693 4174 845 4230 Romanam
870 4182 897 4230 at
919 4194 974 4232 non
997 4177 1062 4230 alibi
1084 4179 1293 4245 rassortissaudi,

73 4257 212 4326 dictisque
230 4256 440 4326 possessionibus
458 4262 483 4311 et
504 4255 612 4309 saisinis
637 4255 722 4310 iidem
746 4257 888 4324 episcopus
909 4264 937 4312 et
958 4258 991 4311 de
1011 4257 1140 4313 Peronna
1152 4261 1196 4313 usi
1217 4265 1297 4328 atque

74 4339 168 4408 gavisi
185 4339 294 4407 pacifice
314 4339 416 4393 hrerInt
438 4356 454 4391 a
474 4343 551 4392 tanto
569 4345 700 4406 tempore,
715 4339 748 4393 de
759 4346 838 4407 cujus
855 4340 993 4394 contrario
1004 4340 1146 4395 hominum
1164 4345 1295 4399 memoria

74 4438 137 4477 non
148 4421 243 4486 existit,
255 4428 303 4477 aut
313 4422 409 4476 saltem
423 4421 495 4488 quod
512 4421 546 4473 ad
565 4421 663 4475 bonam
683 4423 878 4489 possessionem
903 4429 930 4477 et
946 4423 1074 4477 saisinam
1094 4427 1295 4494 acquirendam,

50 4550 55 4556 .
75 4503 246 4559 retinendam
257 4511 285 4560 et
294 4503 507 4560 conservandam
519 4503 621 4558 sufficIt
632 4520 664 4557 ac
677 4505 802 4561 sufficere
814 4506 894 4560 debet
905 4511 934 4560 et
944 4522 993 4573 191
1010 4506 1108 4560 11111199
1125 4513 1248 4577 19191919
1267 4517 1293 4565 91
