3194 5408
192 494 241 547 3⁴4
708 499 809 553 ANNO
828 501 904 552 1459

196 637 274 690 luens
298 635 489 706 priuilegiatus
511 638 590 693 debet
612 639 755 708 iniungere
780 641 901 694 confesso
924 638 1050 707 quatinus
1072 639 1106 693 ad
1129 637 1220 693 minus
1241 637 1272 692 in
1296 634 1420 707 generali

196 720 318 773 ostendat
335 738 363 774 sc
380 721 490 788 proprio
501 723 642 786 sacerdoti,
656 724 678 775 si
698 728 790 791 pastor
808 728 849 777 est
867 728 915 777 aut
933 722 1052 776 vicarius
1070 731 1225 789 perpetuus.
1236 722 1272 775 Et
1288 722 1356 776 licet
1366 721 1421 773 sint

192 806 247 856 tres
270 807 371 870 proprij
393 804 553 868 sacerdotes,
572 823 650 872 papa,
664 807 805 874 episcopus
823 808 989 874 dpoeesanus
1008 810 1035 859 et
1051 805 1175 858 sacerdos
1196 801 1373 871 parochialis,
1392 803 1418 852 et

193 903 288 939 eorum
300 885 417 940 maxime
429 904 498 953 pape
509 891 536 941 et
547 888 664 955 episcopi
677 888 822 951 commissi,
838 893 929 943 tamen
945 887 1075 955 intelligit
1091 886 1129 939 ibi
1141 886 1175 939 de
1185 884 1328 938 sacerdote
1339 899 1416 951 paro-

192 969 285 1032 chiali,
297 969 341 1022 cui
362 969 427 1023 satis
444 971 609 1025 concordant
625 972 770 1025 Durandus
786 977 812 1027 et
831 972 985 1025 Richardus
996 971 1029 1024 de
1039 969 1131 1023 Media
1148 969 1230 1031 Villa,
1240 972 1271 1022 et
1287 967 1326 1020 sic
1343 970 1415 1034 patet

191 1052 263 1118 quod
274 1056 380 1106 nonest
396 1070 470 1106 mere
481 1054 664 1106 voluntarium
675 1075 682 1120 ;
695 1057 766 1109 unde
775 1055 822 1109 ille
839 1055 978 1118 terminus
993 1054 1044 1107 nisi
1063 1053 1091 1105 in
1109 1051 1295 1120 propositione
1303 1050 1410 1118 positus,

192 1138 233 1188 est
255 1134 407 1199 tollendus;
421 1133 472 1187 ista
494 1134 581 1188 eciam
607 1140 700 1203 patent
723 1137 787 1191 satis
809 1154 857 1204 per
877 1154 953 1189 suam
980 1134 1179 1203 responsionem
1202 1133 1322 1200 priorem
1350 1129 1410 1184 satis

192 1219 329 1270 extensam
352 1216 382 1269 in
403 1217 520 1270 secundo
540 1217 664 1281 articulo,
685 1236 738 1285 que
758 1220 857 1286 populo
877 1219 1004 1272 videntur
1025 1216 1192 1284 exponenda,
1219 1220 1247 1269 et
1266 1231 1316 1282 per
1334 1213 1405 1267 istam

190 1297 355 1362 breuiorem,
368 1316 429 1351 cum
444 1299 510 1353 dicit
523 1300 595 1365 quod
605 1318 634 1353 se
646 1301 769 1354 confiteri
786 1301 911 1368 capiatur
921 1305 1003 1368 prout
1018 1300 1090 1353 idem
1107 1304 1147 1352 est
1163 1298 1236 1364 quod
1251 1314 1281 1351 se
1292 1295 1402 1351 semelin

189 1397 262 1434 anno
274 1386 459 1447 representare
470 1385 518 1434 aut
529 1399 557 1435 se
568 1384 718 1436 confessum
731 1400 858 1445 asserere,
871 1400 1003 1450 arrogans
1014 1386 1055 1436 est
1071 1386 1097 1435 et
1110 1385 1171 1447 prot
1240 1420 1247 1432 .

222 1458 315 1514 Tertia
324 1460 376 1513 sibi
385 1461 510 1529 imposita
519 1467 573 1517 cst:
584 1484 596 1505 u
606 1464 725 1517 Confessi
735 1464 869 1532 religiosis
878 1465 1037 1531 presentatis
1046 1467 1158 1531 possunt
1167 1462 1208 1515 ire
1216 1461 1332 1514 adsumo
1340 1476 1396 1527 pres

189 1541 307 1595 biterum
320 1542 502 1609 parochialem
515 1549 543 1598 ct
554 1546 588 1598 ab
600 1563 632 1599 co
643 1540 821 1600 eukaristiam
834 1551 933 1613 petere,
944 1551 971 1600 et
981 1546 1053 1598 idem
1065 1544 1198 1612 presbiter
1209 1560 1264 1596 non
1276 1546 1365 1609 protea
1373 1541 1390 1593 ei

189 1639 325 1687 recusare,
339 1641 389 1677 nec
400 1625 551 1691 requiritur
567 1629 638 1693 quod
655 1628 737 1691 dicat,
760 1633 810 1682 etc.
826 1652 838 1672 n
859 1633 891 1681 ut
912 1628 942 1680 in
961 1627 1062 1693 scripto
1082 1643 1140 1679 suo.
1164 1626 1315 1693 Respondet
1333 1625 1387 1692 quod

191 1705 280 1773 prima
291 1723 353 1774 pars
364 1706 483 1760 habetur
501 1725 624 1775 expresse
635 1710 668 1761 de
680 1710 882 1763 consecratione
901 1711 927 1762 d.
942 1713 980 1762 2⁸.
994 1726 1048 1761 non
1060 1707 1205 1774 prohibeat
1221 1711 1249 1761 et
1265 1705 1346 1760 multis
1354 1723 1384 1759 ra·

189 1786 310 1841 tionibus
321 1792 348 1842 et
359 1788 501 1843 doctorum
518 1791 728 1844 resolutionibus
748 1791 821 1845 etin
838 1792 894 1844 suis
911 1791 1047 1858 prioribus
1063 1789 1283 1857 responsionibus
1293 1788 1382 1842 extensis

189 1868 266 1935 ponit
277 1868 358 1932 idem,
380 1874 407 1923 et
426 1872 555 1925 Albertus
575 1873 645 1926 libro
662 1875 695 1927 de
712 1873 795 1926 missa
813 1875 909 1940 probat
927 1879 950 1926 4.
963 1872 1115 1926 rationibus
1128 1873 1201 1937 quod
1212 1870 1380 1934 debatdare,si

186 1950 296 2018 publice
307 1955 389 2018 petat,
403 1953 489 2006 eciam
502 1959 570 2008 esset
580 1954 608 2007 in
622 1956 730 2009 mortali
742 1961 852 2023 peccato
871 1955 986 2018 occulto,
1004 1954 1073 2007 alias
1089 1957 1153 2007 ante
1170 1950 1291 2005 criminis
1308 1951 1378 2018 proba·

168 2033 288 2107 tionem
307 2033 422 2089 inferret
445 2053 542 2102 penam
559 2042 586 2091 et
604 2043 673 2091 esset
689 2038 865 2091 confessionis
882 2039 1034 2103 reuelator;
1047 2036 1099 2090 hoc
1111 2041 1151 2089 est
1162 2052 1256 2089 verum
1276 2033 1346 2086 eciam
1361 2031 1376 2084 si

186 2116 320 2184 presbiter
341 2117 505 2184 parochialis
527 2118 596 2172 sciat
618 2120 725 2186 publice
747 2124 881 2187 petentem
899 2119 929 2172 in
945 2123 1056 2187 peccato
1073 2118 1180 2171 occulto
1192 2134 1262 2180 esse;
1279 2112 1377 2167 vemnsi

187 2204 275 2266 posset
283 2216 346 2252 eum
355 2199 413 2253 sine
422 2202 549 2254 scandalo
558 2204 698 2255 consulere
707 2207 738 2256 ut
748 2220 801 2255 non
811 2206 914 2268 peteret
922 2201 1038 2268 publice,
1047 2200 1099 2254 hoc
1108 2201 1198 2252 facere
1205 2194 1376 2252 tenereturidee

187 2281 217 2334 in
225 2282 318 2335 eodem
331 2283 451 2350 capitulo
460 2283 590 2350 sequitur,
603 2286 649 2339 sed
666 2289 818 2338 exactorem
831 2290 940 2338 moneat
951 2284 1046 2338 timere
1057 2303 1064 2346 3
1077 2283 1176 2335 sivero
1187 2297 1204 2332 a
1216 2278 1331 2346 petitione
1339 2291 1377 2328 non

186 2364 247 2417 vult
264 2363 401 2427 desistere,
413 2365 492 2419 debet
503 2366 529 2418 ei
545 2366 709 2429 ministrare,
724 2384 757 2419 ne
774 2367 807 2420 sit
820 2366 942 2433 proditor
953 2365 1085 2426 criminis,
1098 2364 1222 2431 exemplo
1233 2359 1335 2423 Domini,
1344 2356 1378 2425 qui

187 2444 257 2498 dude
270 2445 373 2498 sedenti
386 2445 414 2498 in
424 2463 516 2499 mensa
526 2448 714 2501 sacramentali
733 2465 795 2500 curn
812 2446 939 2500 undecim
957 2446 1033 2500 dedit
1044 2445 1211 2510 buccellam3
1225 2443 1328 2510 quierat
1336 2456 1378 2508 prr

188 2526 263 2582 ditor
283 2529 406 2581 occultus
423 2533 452 2582 et
470 2529 522 2581 hoc
542 2529 643 2583 sciebat
660 2530 765 2583 ihesus.
780 2529 899 2584 Intentio
910 2529 996 2598 igitur
1007 2529 1082 2582 illins
1093 2527 1195 2581 decreti
1207 2544 1260 2581 non
1270 2523 1382 2593 prohibeat

188 2610 222 2664 de
233 2608 289 2663 illis
301 2609 349 2676 qui
361 2614 425 2663 sunt
437 2609 465 2662 in
478 2616 588 2678 peccato
600 2612 709 2665 mortali
726 2613 842 2676 occulto,
862 2612 909 2678 qui
926 2610 1033 2678 publice
1051 2614 1146 2677 petunt
1157 2607 1331 2667 erikaristiam,
1341 2603 1382 2657 siue

189 2693 324 2762 presbiter
335 2692 500 2760 parochialis
511 2693 580 2747 sciat
591 2693 659 2747 illud
671 2693 729 2747 siue
741 2711 795 2747 non
805 2714 812 2760 3
823 2695 868 2747 sed
880 2694 928 2747 ubi
939 2697 1035 2760 petunt
1045 2692 1075 2746 in
1086 2692 1194 2746 occulto
1204 2693 1385 2746 sacramentum,

186 2777 267 2830 debet
282 2775 352 2829 scire
360 2776 382 2828 si
392 2775 469 2844 digni
479 2780 542 2829 sunt
553 2780 581 2829 et
591 2780 690 2844 petere,
701 2777 772 2830 sicut
781 2777 845 2829 fecit
854 2775 1029 2830 Achimelech
1038 2774 1059 2827 si
1070 2773 1147 2842 pueri
1160 2772 1255 2826 mundi
1266 2775 1331 2832 sunt.
1341 2784 1389 2823 cum

187 2857 277 2912 Dauid
286 2861 313 2910 et
322 2860 389 2923 socij
400 2859 440 2910 sui
451 2858 592 2925 pecierunt
601 2875 683 2924 panes
692 2857 890 2924 propositionis,
898 2874 965 2924 quos
972 2857 1035 2909 solis
1042 2854 1227 2909 sacerdotibus
1236 2854 1392 2907 lioebatmar

188 2941 299 3003 (lucare,
314 2944 345 2993 ut
355 2957 408 2993 non
418 2942 462 2994 det
471 2944 594 2993 sanctum
604 2940 717 2993 canibus
726 2957 775 2993 nec
784 2945 892 3008 spergat
900 2938 1063 3006 margaritas
1072 2941 1134 2991 ante
1143 2953 1247 3004 porcos.
1259 2935 1311 2990 Ubi
1321 2939 1397 2988 autern

187 3022 219 3076 in
238 3023 358 3076 secunda
371 3027 447 3089 parte
458 3023 606 3089 dicitquod
618 3041 671 3077 non
683 3023 834 3089 requiritur
845 3024 916 3090 quod
925 3021 1099 3075 dicatubicui
1112 3020 1154 3073 vel
1164 3019 1272 3086 quaudo
1281 3020 1403 3072 confessus

189 3108 237 3166 est,
258 3105 306 3157 sed
324 3104 396 3170 quod
409 3105 496 3157 solum
508 3105 582 3157 dicat
593 3122 621 3157 se
638 3122 694 3157 esse
706 3104 866 3167 confessum,
881 3104 930 3157 iste
943 3103 1074 3157 terminus
1085 3103 1172 3155 solum
1184 3107 1224 3156 est
1235 3104 1407 3167 tollendus,et

189 3186 270 3240 debet
286 3186 387 3239 addere
400 3187 471 3253 quod
484 3187 625 3253 posthanc
639 3187 832 3239 consessionem
844 3186 934 3240 debite
945 3188 1044 3238 factam
1056 3202 1109 3238 non
1122 3189 1162 3238 est
1174 3185 1299 3238 conscius
1315 3182 1410 3252 peccati
1460 3214 1462 3219 ·

191 3267 324 3330 mortalis,
336 3286 397 3321 cum
407 3268 474 3336 petit
485 3269 661 3321 eukaristiam
670 3288 677 3334 ς
687 3272 753 3322 tunc
765 3268 836 3322 enim
849 3268 972 3337 agnoscit
983 3271 1075 3334 pastor
1085 3266 1251 3334 parochialis
1259 3267 1413 3335 vultumpc-

191 3351 272 3414 coris,
286 3367 348 3404 narn
361 3350 419 3403 sine
432 3349 479 3402 illa
497 3351 618 3403 clausula
630 3368 684 3402 non
696 3350 819 3418 agnoscit
839 3351 862 3402 si
884 3351 919 3404 sit
940 3350 1040 3418 dignus
1063 3349 1183 3416 recipere
1200 3354 1417 3411 sacramentum

191 3432 319 3502 possibile
336 3433 408 3485 enim
426 3437 466 3485 cst
485 3432 565 3499 quod,
577 3437 718 3499 postquam
741 3436 781 3485 est
792 3433 928 3485 consessus
939 3435 964 3484 et
973 3432 1112 3484 absolutus
1121 3432 1155 3484 ab
1166 3447 1199 3483 eo
1208 3431 1257 3497 qui
1269 3430 1325 3484 hoc
1337 3433 1421 3486 faeere

190 3511 288 3580 potuit,
303 3515 449 3576 antequam
462 3511 584 3577 recipiat,
597 3511 702 3576 aliquid
714 3512 828 3565 mortale
845 3511 1026 3577 commiserit;
1045 3512 1091 3564 sed
1108 3510 1155 3562 ubi
1172 3509 1304 3578 adiungit
1322 3513 1424 3579 quoda

188 3598 312 3660 tempore
322 3593 497 3646 consessionis
506 3610 592 3660 nsque
601 3594 666 3646 dum
676 3593 744 3660 petit
755 3610 859 3646 sacram
870 3593 1087 3646 communionem
1100 3608 1153 3645 non
1165 3595 1206 3644 est
1216 3592 1351 3646 conscius
1359 3612 1427 3649 mor

188 3676 260 3738 talis,
272 3675 354 3728 debet
364 3674 389 3727 ei
402 3677 512 3728 credere
525 3679 552 3729 ct
562 3680 760 3728 sacramentum
773 3675 936 3738 ministrare,
951 3675 1001 3727 nisi
1015 3673 1127 3727 haberet
1137 3673 1313 3740 probabilem
1324 3677 1428 3730 coniec-

188 3761 281 3811 turam
299 3757 334 3810 de
345 3754 473 3819 falsitate,
487 3765 552 3823 puta
564 3758 635 3823 quod
649 3774 702 3810 non
715 3762 783 3810 esset
794 3757 938 3819 confessus,
958 3774 1011 3822 quo
1031 3771 1094 3807 casu
1114 3754 1226 3807 deberet
1244 3756 1431 3822 presbitemm

189 3838 344 3893 certificare
354 3837 558 3892 rationabiliter
569 3860 575 3904 3
588 3839 636 3891 nbi
648 3843 739 3892 autem
752 3856 805 3892 non
816 3837 986 3900 certificaret,
997 3855 1059 3891 curn
1070 3840 1155 3904 potest
1163 3839 1260 3902 petere
1269 3842 1303 3891 ut
1311 3839 1340 3891 ei
1350 3843 1431 3895 eonti-

188 3924 288 3983 teatnr,
299 3923 327 3973 et
337 3919 360 3971 si
373 3925 485 3974 exactus
497 3925 612 3983 recuset,
624 3919 802 3973 dubitandum
813 3925 852 3974 est
862 3938 895 3972 nc
905 3919 1033 3987 indignus
1041 3919 1076 3972 sit
1084 3917 1232 3971 eucaristie
1239 3928 1433 3987 sacramento3

190 4008 217 4057 et
228 4002 309 4055 credo
319 4002 393 4067 quod
406 4002 434 4054 in
445 4002 498 4055 hoo
508 4020 571 4055 casu
582 4003 671 4055 locum
681 4002 781 4054 lrabeat
789 4003 859 4068 quod
869 4001 937 4055 dicit
944 4002 1039 4055 doctor
1049 3999 1206 4068 seraphicus
1218 4001 1434 4068 Beneventum,

188 4083 281 4138 dicens
303 4083 376 4149 qnod
397 4085 536 4136 confessus
553 4084 663 4137 habenti
683 4083 866 4150 privilegium,
888 4083 916 4135 in
935 4100 998 4136 casu
1016 4100 1069 4150 quo
1085 4081 1281 4149 requireretur
1292 4102 1310 4137 a
1322 4088 1436 4156 proprio

190 4172 294 4229 curate,
305 4169 450 4220 teneretur
459 4167 483 4218 ei
495 4167 629 4229 confiteri,
641 4167 692 4219 nisi
706 4165 798 4232 aliqua
810 4183 891 4217 causa
902 4165 1072 4219 rationabilis
1082 4181 1143 4218 eum
1154 4170 1274 4220 excuset.
1284 4187 1292 4232 ς
1306 4170 1373 4223 etsi
1386 4189 1436 4224 non

190 4250 289 4303 habeat
297 4252 324 4302 et
334 4248 403 4300 nolit
413 4250 500 4302 semel
511 4250 539 4302 in
550 4267 622 4302 anno
631 4249 655 4302 ei
666 4248 799 4309 confiteri,
813 4248 858 4299 uix
870 4249 1005 4301 crederem
1019 4248 1099 4300 talem
1112 4263 1175 4299 vere
1186 4247 1378 4312 penitentem.

219 4331 299 4384 Circa
307 4332 432 4397 quartam
445 4329 656 4396 propositionem
666 4330 737 4395 quod
744 4328 844 4380 mulier
851 4328 975 4381 iacensin
983 4327 1232 4394 puerperiopotest,
1240 4330 1317 4382 nulli
1325 4332 1438 4387 licentia

187 4412 280 4479 potita,
292 4411 334 4464 ire
351 4410 429 4478 prius
448 4410 570 4464 triduum
585 4412 620 4463 ad
632 4410 773 4463 ecclesiam
786 4427 847 4461 cnm
866 4410 941 4476 prole
952 4426 1010 4472 sua,
1028 4409 1171 4474 respondet
1191 4412 1272 4475 quod
1293 4431 1354 4468 non
1372 4418 1439 4470 dixit

189 4495 320 4552 assertiue
332 4511 381 4551 nee
394 4494 570 4559 declaratiue,
584 4494 630 4548 scd
647 4493 790 4548 recitatiue
809 4493 882 4546 satis.
904 4493 1053 4547 Dicendum
1073 4495 1112 4546 est
1131 4491 1185 4544 sibi
1206 4496 1289 4562 quod
1312 4501 1435 4565 prudens
