3194 5408
194 689 653 789 VERZAMELING
696 691 828 788 VAN
875 692 1172 792 STUKKEN

589 882 788 919 sennensem

335 1018 381 1069 DE
408 1016 623 1068 Pnusnmtms
654 1017 701 1068 ΕΝ
731 1017 1045 1071 Btsscflorrntttxn

100 1180 467 1407 tltttttht
520 1180 585 1360 ΙΝ
634 1179 726 1361 llll
777 1179 1263 1364 llllllllllllll

677 1744 711 1814 1.

122 1932 229 2014 1025,
260 1933 421 2014 Jonuari,
452 1937 604 2006 Atrccbt.
634 1937 728 2004 Briel
752 1957 815 2004 van
846 1936 1024 2018 Gerendus,
1055 1936 1205 2024 bissohop
1236 1957 1300 2004 van

73 2039 249 2127 Kamerijk
273 2059 313 2105 en
336 2059 401 2105 van
418 2040 568 2118 Atrecht,
587 2059 651 2107 aen
667 2038 894 2126 Rleginaldus,
927 2037 1079 2129 bisschop
1102 2061 1167 2109 van
1190 2037 1299 2130 Luik),

73 2163 156 2209 orer
178 2142 218 2208 de
241 2141 369 2210 ketters
393 2162 458 2208 van
482 2143 531 2211 dit
553 2144 674 2211 laatste
697 2143 831 2211 bisdom.
852 2180 896 2192 —
912 2143 1078 2212 Gerendus
1102 2143 1202 2211 drukt
1216 2144 1302 2232 zijne

74 2242 256 2332 verbazing
271 2246 331 2325 uit,
350 2246 407 2313 dat
430 2245 495 2334 cijn
520 2247 681 2314 Luikeche
697 2246 823 2332 collega
838 2247 951 2333 eenige
974 2248 1113 2327 letters,
1132 2248 1239 2314 welhe
1253 2248 1299 2335 hij

74 2347 120 2437 bij
145 2349 223 2417 hem
246 2351 472 2438 sungeklssgd
495 2351 572 2430 had,
591 2352 776 2438 ongedeerd
800 2351 848 2419 uit
870 2351 936 2440 zijn
960 2349 1083 2418 bisdom
1107 2350 1197 2419 heeft
1211 2351 1302 2418 laten

74 2452 291 2521 vertrekken.
317 2455 483 2524 Gerardus
506 2463 592 2543 negt,
619 2457 676 2524 det
700 2457 745 2545 hij
771 2455 834 2523 ooli
857 2454 986 2522 alzulke
1008 2456 1135 2523 letters
1160 2457 1195 2522 in
1218 2455 1303 2544 zijne

75 2551 261 2642 kerkelijke
284 2558 451 2643 provincie
473 2559 564 2628 heeft
588 2558 785 2627 onderzocht
809 2577 889 2624 over
911 2557 1025 2624 hunne
1048 2556 1202 2643 delingen
1224 2576 1303 2623 aan-

75 2658 205 2744 gaende
231 2660 287 2727 het
313 2660 456 2748 doopsel,
486 2662 546 2729 het
571 2663 709 2743 lichnum
737 2683 778 2729 en
804 2661 864 2728 het
890 2658 982 2727 bloed
1010 2660 1067 2728 des
1094 2662 1236 2739 Heeren,
1263 2659 1303 2727 de

75 2763 269 2848 penitentie.
290 2765 347 2832 het
363 2766 535 2855 huwelijk,
552 2788 638 2847 ena,
657 2767 766 2835 zooels
781 2763 879 2854 blijkt
896 2765 945 2831 uit
962 2782 1021 2831 een
1037 2763 1164 2844 schrift,
1183 2763 1239 2831 dat
1256 2764 1300 2852 hij

75 2886 140 2934 san
157 2867 358 2954 Reginaldus
375 2869 511 2957 tegelijk
528 2876 594 2939 met
610 2871 711 2939 denen
726 2869 815 2938 brief
827 2867 949 2956 zendt(
970 2868 997 2957 ).

110 3005 148 3063 R.
166 3006 286 3072 nomine,
303 3006 440 3077 dignitate
457 3015 485 3064 et
501 3010 694 3079 praerogative
712 3009 874 3065 meritorum
892 3007 1027 3076 episcopo,
1047 3007 1183 3062 Gerendus
1202 3005 1305 3062 nullius

75 3090 171 3144 meriti
183 3090 359 3157 coepiscopus
369 3090 503 3158 quidquid
514 3090 550 3144 ed
561 3093 669 3146 beatam
681 3091 765 3146 vitam
776 3091 971 3159 praestantius.

112 3170 184 3225 Cum
203 3171 295 3226 nobile
311 3171 455 3239 ingenium
476 3177 503 3226 et
525 3173 697 3241 prudentiam
717 3179 835 3227 vestram
854 3171 1006 3236 considero,
1025 3189 1079 3226 non
1099 3171 1166 3225 adeo
1186 3170 1307 3231 demiror

76 3255 199 3324 potuisse
215 3253 334 3308 nefarios
350 3254 475 3309 homines
491 3255 593 3309 erroris
608 3255 707 3323 spiritu
725 3256 875 3324 magicatos
896 3255 926 3307 in
942 3255 1062 3320 aliquem
1078 3255 1157 3322 pravi
1171 3253 1307 3324 dogmatis

77 3337 250 3404 conspirasse
270 3335 454 3404 dementium
484 3338 530 3391 sed
556 3337 591 3390 ad
618 3338 823 3406 inquisitionem
845 3343 963 3391 vestram
992 3337 1110 3403 qualiter
1135 3335 1307 3389 dissimulare

77 3419 229 3488 potuerint,
248 3424 280 3472 ut
299 3436 347 3473 vos
366 3419 501 3481 fallerent,
519 3419 693 3474 vehementer
712 3424 819 3487 stupeo.
842 3420 912 3472 Nam
932 3419 1072 3485 quosdam,
1093 3422 1125 3471 ut
1144 3419 1201 3485 ipse
1220 3417 1304 3482 scitis,

78 3499 238 3567 hujusmodi
249 3499 374 3554 homines
385 3501 414 3553 in
425 3500 527 3554 tinibus
538 3501 634 3554 vestris
644 3501 820 3565 cohabitasse,
832 3500 904 3554 sicut
915 3501 987 3554 veris
997 3499 1107 3552 indiciis
1118 3498 1306 3566 comprobari·

78 3599 151 3647 mus,
163 3583 309 3641 retulimus
319 3582 448 3637 charitati
461 3590 578 3638 restrae.

113 3665 198 3733 Quos,
209 3666 276 3734 quia
286 3673 390 3721 terrore
400 3668 528 3736 supplicii
540 3667 658 3736 speciem
670 3667 813 3737 religionis
825 3666 1035 3732 mentiebantur,
1050 3665 1221 3721 indemnatos
1232 3665 1307 3719 velut

79 3749 208 3804 innoxios
235 3747 312 3802 abire
334 3749 507 3816 permisistis·
535 3748 613 3811 Quod
635 3750 746 3816 quidem
767 3751 797 3804 in
820 3750 876 3803 illis
897 3749 1034 3803 efficacior
1056 3748 1090 3801 ad
1113 3748 1307 3801 subvertendos

78 3828 219 3898 simplices
234 3848 317 3885 eausa
332 3831 450 3898 exstitit;
468 3833 640 3900 simplicibus
656 3838 747 3887 eutem
764 3832 933 3899 scrupulum,
947 3848 981 3885 ne
998 3848 1053 3885 non
1068 3824 1216 3884 audiendos
1227 3829 1305 3883 aesti-

79 3919 199 3978 marent,
217 3913 321 3982 injecit,
338 3931 407 3982 quos
428 3932 493 3970 vero
512 3917 639 3969 examine
658 3916 793 3969 discussos
815 3915 952 3978 audirent,
975 3930 1025 3967 nec
1045 3930 1154 3967 causam
1176 3911 1307 3979 puniendi

79 3996 235 4050 inventam.
251 3995 354 4051 Verum
371 3998 413 4051 illi
425 4014 542 4065 quoque,
555 3999 602 4065 qni
618 3997 694 4052 missi
706 3998 740 4052 ab
752 3998 791 4052 eis
801 3997 836 4051 ad
848 3996 1033 4051 seductionem
1043 3995 1200 4063 hujusmodi
1211 3995 1246 4049 ad
1258 4013 1308 4049 nos

79 4081 258 4143 devenerant,
271 4080 459 4147 comprehensi
476 4081 564 4135 multe
574 4081 791 4134 dissimulatione
804 4080 973 4146 renitebant3
987 4080 1053 4133 adeo
1064 4085 1096 4132 ut
1113 4077 1195 4131 nullis
1206 4078 1307 4145 suppli·

79 4163 134 4217 ciis
150 4168 260 4230 possent
273 4163 335 4230 cogi
351 4163 385 4215 ad
403 4163 615 4230 consessionem
628 4164 714 4218 donec
725 4181 774 4232 per
785 4181 830 4217 eos
842 4163 922 4230 ipsos,
934 4179 1002 4228 quos
1010 4167 1068 4229 jam
1080 4178 1148 4229 pene
1159 4161 1252 4216 eodem
1264 4161 1307 4215 sui

79 4245 185 4301 erroris
203 4245 339 4300 maleficio
358 4246 527 4312 imbuerunt,
550 4247 677 4312 convicti,
695 4246 805 4302 tandem
824 4263 890 4302 suae
908 4253 997 4300 sectae
1017 4245 1189 4312 disciplinam
1206 4247 1306 4312 partim

112 4539 150 4608 (1)
167 4538 215 4596 zu
226 4537 274 4608 het
285 4538 418 4609 volgende
428 4538 505 4593 stuli.
