3188 5408
706 509 806 563 ANNO
826 513 901 564 1472
1373 519 1421 568 4⁴3

177 646 355 716 prudenter.
370 646 482 701 creauit
492 646 565 702 enim
578 648 650 702 Deus
667 648 760 703 omnia
775 647 805 703 in
822 667 943 713 numere,
962 650 1081 717 pondere
1097 653 1125 704 et
1140 665 1277 714 mensura,
1295 650 1421 720 quodque

179 730 301 784 bonum
318 731 387 784 bene
406 728 466 783 tieri
487 733 601 798 oportet,
622 731 735 785 sednon
746 733 894 786 secundum
906 732 1067 800 sapientiam
1081 731 1232 795 hominum,
1246 749 1299 800 que
1310 733 1422 788 inimica

181 815 233 866 est
255 812 325 874 Deo,
346 812 393 865 sed
412 812 560 866 secundum
582 812 668 876 illam,
688 830 741 880 que
763 815 904 868 desursum
928 819 968 869 est
985 831 1054 882 pura
1071 818 1099 868 et
1114 814 1298 869 immaculata.
1312 815 1422 871 Dictum

184 898 291 949 autem
303 894 373 949 beati
384 893 526 957 Bernardi,
546 894 568 947 si
581 894 702 960 memini,
725 895 840 951 dicentis
863 897 936 964 quod
957 897 1053 951 modus
1064 895 1187 950 caritaus
1203 902 1309 952 estnon
1321 898 1422 953 habere

185 977 320 1039 modum,
333 975 498 1045 intelligitur
518 977 590 1044 quod
606 995 639 1031 61
656 981 732 1046 parte
749 978 849 1033 obiecti
866 978 970 1034 seilicet
987 978 1045 1042 Dei,
1059 978 1106 1045 qui
1123 976 1255 1042 infinitus,
1268 996 1323 1034 noa
1341 980 1422 1036 habet

187 1059 320 1121 modum,
333 1059 379 1113 sed
392 1076 425 1112 ex
442 1063 519 1126 parte
530 1059 653 1123 subiecti,
666 1061 714 1115 sic.

228 1141 283 1196 1116
299 1139 386 1208 igitur
404 1140 594 1195 formidolosus
614 1159 669 1196 non
687 1142 790 1197 audens
812 1142 905 1197 iurare
926 1141 989 1197 fidei
1012 1141 1142 1197 articulos
1164 1142 1252 1198 eciam
1273 1141 1421 1210 requisitus

191 1241 293 1279 comm
304 1223 421 1278 concilio
432 1223 495 1278 fldei
507 1223 653 1291 diligenter
665 1229 692 1279 et
702 1225 795 1279 stricte
806 1224 986 1287 examinetur,
998 1228 1026 1278 et
1039 1224 1203 1292 procedatur
1213 1225 1361 1280 secundum
1372 1241 1422 1279 sua

192 1321 336 1373 responsa.
350 1306 412 1359 Noa
424 1308 515 1359 tamen
534 1306 680 1359 obseruare
699 1309 805 1372 oportet
821 1323 914 1360 omnes
931 1304 1062 1360 terminos
1079 1305 1148 1360 iuris
1165 1305 1237 1359 sicut
1253 1305 1282 1358 in
1300 1307 1420 1371 matorljs

193 1386 355 1456 prophanis.
375 1387 438 1441 Dixi
460 1392 555 1442 contra
574 1388 656 1442 talem
676 1389 885 1457 procedendum,
898 1388 963 1456 quia
973 1388 1056 1456 louge
1072 1393 1112 1442 est
1123 1405 1140 1443 a
1151 1387 1298 1456 prophetis,
1311 1386 1359 1455 qui
1371 1403 1421 1456 pro

195 1471 255 1524 tide
275 1469 343 1537 passi
355 1472 427 1532 suat,
443 1469 592 1536 interquos
603 1469 698 1523 Ysaias
709 1469 838 1524 sustinuit
854 1469 1000 1524 sectionem
1018 1469 1140 1537 corporis
1157 1486 1206 1538 per
1222 1468 1422 1538 longitudinem

196 1553 288 1622 ipsius
299 1569 347 1620 per
364 1569 476 1617 serram,
495 1557 527 1608 ut
543 1554 646 1617 dicuat,
658 1553 778 1621 ligneam
796 1553 951 1620 incipiendo
963 1570 981 1606 6
992 1552 1093 1621 capite;
1106 1552 1243 1616 Ieremias,
1256 1568 1378 1608 carceres
1397 1557 1425 1609 et

196 1639 334 1700 mortem
352 1638 379 1688 et
397 1634 527 1703 prophete
546 1635 635 1698 multi,
657 1635 703 1702 qui
726 1636 841 1704 alonge
862 1635 1017 1689 salutabant
1033 1652 1102 1696 eam,
1126 1640 1154 1690 et
1174 1636 1294 1689 nondum
1311 1638 1424 1690 venerat

197 1723 309 1785 tempus
319 1716 504 1784 plenitudinis,
526 1734 574 1784 pro
586 1735 618 1771 ea
637 1717 738 1772 mortui
757 1723 829 1780 sunt,
842 1717 924 1786 longe
940 1718 975 1771 ab
986 1716 1150 1785 apostolicis,
1163 1717 1244 1786 longe
1256 1717 1291 1770 ab
1303 1733 1422 1786 euange-

199 1800 282 1864 listis,
295 1800 377 1869 longe
387 1816 404 1852 a
414 1799 581 1863 martiribus,
594 1800 675 1868 longe
686 1798 803 1866 denique
814 1817 831 1853 a
842 1807 935 1853 sancta
947 1798 1070 1862 ecclesia,
1083 1815 1136 1865 que
1147 1815 1197 1866 per
1207 1800 1300 1853 orbem
1312 1798 1422 1853 uniuer-

199 1901 264 1938 sum
275 1886 397 1936 sancum
408 1882 488 1936 fidem
500 1882 653 1936 confitetur.
673 1882 777 1936 Redeat
788 1881 824 1935 ad
835 1898 891 1944 cor,
910 1897 970 1935 eam
982 1881 1144 1935 confiteatur
1155 1880 1242 1934 eciam
1259 1880 1421 1943 iuramento,

198 1966 224 2020 si
236 1964 382 2020 necessitas
391 1963 523 2032 requirat,
535 1968 617 2032 atque
627 1965 661 2019 de
671 1982 721 2018 suo
732 1967 843 2032 peccato
856 1968 922 2031 agat
934 1963 1112 2031 penitentiam
1120 1965 1269 2018 secundum
1278 1960 1423 2017 arbitrium

198 2049 376 2106 dominorum
389 2046 563 2102 vicariorum.

466 2161 611 2227 Carlerius,
624 2160 685 2218 deel
695 2160 731 2227 11,
743 2161 941 2230 verhaadeling
951 2164 992 2214 44.

771 2417 861 2486 364.

251 2661 423 2728 russanen
442 2662 510 2728 147
512 2663 535 2730 2
546 2681 588 2728 ea
609 2660 710 2738 1475,
726 2660 763 2726 in
780 2661 800 2726 ’1
811 2658 944 2727 cadom
956 2662 1058 2729 Laik.
1078 2661 1331 2750 Aanteekening
1347 2685 1427 2732 over

201 2764 267 2831 den
283 2764 465 2830 Luiksohen
481 2763 654 2830 harmeliet
670 2762 796 2830 Hubert
825 2763 984 2841 Leonard,
1004 2763 1056 2830 die
1079 2766 1129 2832 als
1152 2766 1346 2852 inquisiteur
1361 2788 1425 2834 van

201 2868 261 2933 het
289 2865 412 2934 biedom
440 2867 521 2933 Luik
548 2871 648 2952 tegen
673 2867 789 2932 zetere
814 2867 941 2934 ketters
966 2887 1030 2933 van
1057 2868 1166 2955 Nijvel
1195 2869 1356 2936 handelde
1384 2891 1425 2936 en

202 2969 401 3057 schriftelijk
421 2972 532 3037 hunne
548 2970 702 3055 delingen
714 2969 909 3055 weerlegde.

237 3154 379 3208 liebertus
391 3154 567 3220 leonardus,
580 3154 720 3209 carmelite
730 3153 895 3218 Leodiensis,
908 3155 1050 3222 provincia
1062 3155 1194 3211 Franciae
1202 3158 1329 3211 alumnus
1330 3200 1424 3222 .....

204 3236 363 3294 Leodiensis
380 3236 463 3290 studii
481 3239 631 3305 praefectus
648 3254 666 3292 a
683 3236 877 3305 Christephoro
893 3238 1069 3307 Martignono
1088 3256 1160 3293 auno
1181 3242 1246 3293 1472
1266 3237 1427 3295 constitutus

206 3365 302 3377 .....
316 3322 465 3389 Inquisitcr
476 3319 629 3375 haereticae
640 3317 782 3387 pravitatis
792 3320 880 3374 factus
893 3319 1058 3384 Leonardus,
1072 3325 1167 3375 contra
1185 3322 1315 3388 quosdam
1333 3322 1425 3377 haere

203 3405 275 3461 ticos
286 3404 453 3458 Nivelleases
463 3420 512 3472 per
522 3401 667 3457 dioecesim
679 3401 863 3465 Leodiensem,
878 3401 967 3470 inquit
979 3403 1154 3467 Trithemius,
1167 3403 1259 3472 gladio
1271 3403 1299 3457 S.
1309 3403 1427 3472 Spiritus

203 3504 251 3542 eos
263 3485 436 3540 confutativit
447 3490 474 3540 et
489 3483 556 3538 vicit
565 3483 685 3536 scribens
695 3499 762 3549 opus
771 3482 978 3536 celeberrimum
990 3488 1051 3538 octo
1070 3489 1098 3539 61
1114 3484 1213 3552 viginti
1230 3485 1427 3551 propositiones

203 3567 371 3638 principales
394 3565 543 3625 continens,
567 3564 598 3618 in
619 3581 673 3632 quo
696 3563 815 3618 todidem
837 3563 967 3618 articulos
989 3581 1116 3620 erroneos
1138 3564 1246 3620 fortiter
1267 3582 1300 3618 ac
1327 3565 1427 3621 diserte

203 3665 370 3718 oppugnans
386 3647 549 3716 reprobavit.

467 3762 550 3815 Pater
558 3759 653 3813 Cosme
664 3757 1200 3824 6611111616,81611611666661666111666,
1213 3760 1272 3814 deel
1281 3761 1303 3825 1,
1314 3761 1427 3816 1161666

500 3860 536 3897 611
546 3845 604 3904 661,
626 3857 701 3894 waar
712 3840 765 3895 ook
777 3841 824 3894 het
834 3841 993 3909 grafschrift
1003 3859 1057 3896 van
1068 3843 1119 3896 den
1132 3842 1296 3910 inquisiteur
1307 3842 1330 3895 is
1347 3860 1427 3911 opge·

500 3941 607 3987 nomen,
627 3924 674 3978 dat
690 3929 756 3976 voor
776 3923 824 3977 het
835 3924 996 3992 hoogaltaar
1014 3941 1068 3978 van
1079 3925 1126 3978 het
1137 3924 1257 3979 Luiksch
1270 3925 1389 3980 klooster
1399 3930 1426 3980 16

501 4007 602 4060 vinden
618 4022 681 4058 was.
702 4005 819 4058 Menlas
830 4022 879 4059 er:
895 4047 987 4059 .....
1001 4027 1013 4048 u
1027 4006 1074 4073 qui
1093 4005 1227 4060 haeresim
1245 4006 1427 4060 Nivelleasem

502 4089 532 4142 in
557 4088 601 4141 his
630 4087 752 4154 partibus
774 4091 941 4156 grassantem
959 4088 1126 4163 ¹profligavit
1143 4112 1166 4141 n.
1189 4117 1223 4126 -
1245 4088 1336 4142 Onder
1358 4091 1427 4154 zijne
1524 4082 1526 4088 '

492 4172 610 4226 'werhen
631 4171 719 4225 werdt
736 4170 831 4224 aldaar
848 4171 966 4225 vermeld
978 4188 984 4223 :
998 4192 1011 4213 u
1026 4168 1128 4224 Contra
1140 4169 1316 4222 Nivelleascs
1333 4170 1426 4224 baere-

504 4257 571 4305 ticoa
584 4252 644 4306 Lib.
657 4251 678 4305 1.
691 4251 722 4304 in
732 4251 836 4319 vigenti
848 4252 938 4319 capita
954 4251 1121 4306 distinctum.
1136 4252 1190 4315 Qui
1201 4251 1260 4306 MS.
1273 4257 1428 4307 asservatur

503 4336 532 4389 in
544 4335 708 4389 bibliotheca
719 4334 896 4388 carmelitana
907 4334 1097 4389 Leodiensium
1110 4359 1132 4388 n.
1145 4364 1179 4373 -
1188 4336 1260 4389 Over
1268 4335 1330 4389 dien
1339 4335 1427 4402 inqui·

504 4418 591 4473 siteur
602 4417 641 4471 zie
652 4417 705 4472 ook
717 4418 743 4470 61
755 4419 788 4471 de
799 4417 919 4480 werhen,
931 4433 1006 4470 waar
1017 4418 1112 4472 Cosme
1123 4417 1156 4472 de
1167 4416 1278 4472 Villiers
1291 4434 1358 4472 naar
1369 4433 1426 4472 ver-

504 4501 590 4563 zeadt,
603 4500 680 4564 ibid,
694 4501 744 4554 blz.
758 4503 807 4554 666
818 4516 852 4553 ea
864 4502 921 4554 661.
