3194 5408
620 507 721 562 ANNO
739 511 814 563 1131
1287 490 1335 564 311

105 648 223 719 praeuia
232 651 355 718 repertos
365 646 396 702 11
407 645 562 702 Coloniensi
573 649 600 700 11
610 644 809 702 Wormatiensi
820 647 980 702 ciuitatibus
995 652 1022 702 at
1033 648 1187 703 diocesibus
1198 663 1215 700 a
1225 646 1334 713 quibus·

104 733 177 788 libat
189 731 292 786 Christi
303 728 430 784 fidelibus
439 734 496 784 tam
507 727 616 783 clericis
626 745 708 796 quam
726 729 805 784 laicis
824 730 869 798 pie
880 731 1063 786 confouendos
1074 748 1123 798 per
1133 747 1196 784 suas
1215 733 1338 796 patentes

105 813 215 868 litteras
230 813 353 868 diuersas
364 816 392 867 et
407 828 548 880 processus
563 810 594 865 in
610 828 638 864 se
655 814 824 865 continentes
841 813 950 879 publice
966 813 1179 868 mandauerunt.
1195 811 1231 865 Et
1249 826 1336 877 quan-

107 911 193 961 quam
209 895 344 964 praedicti
360 910 502 962 pauperes,
514 893 569 948 viri
580 894 615 946 de
626 909 676 960 per
686 911 715 947 se
731 893 837 948 scilicet
848 898 875 948 11
887 895 1016 950 mulieres
1030 911 1161 958 seorsum,
1174 893 1203 947 in
1215 893 1271 947 suis
1280 891 1337 946 dis·

106 977 205 1032 tinctis
215 978 342 1032 domibus
353 978 455 1044 absque
471 982 568 1031 mutus
579 993 674 1031 eorum
692 978 899 1033 conuersatione
915 983 1116 1034 commorantes
1133 977 1163 1031 in
1175 981 1339 1048 paupertate

108 1065 138 1115 et
154 1059 333 1124 continentia,
352 1059 383 1114 in
398 1059 564 1115 humilitatis
580 1059 680 1126 spiritu
697 1059 825 1115 ecclesias
840 1060 938 1115 deuote
955 1063 1129 1128 frequentent
1150 1063 1178 1115 et
1199 1057 1339 1113 Romanae

108 1144 242 1199 ecclesiae
252 1159 285 1199 ac
296 1159 392 1211 eorum
403 1142 551 1198 ordinariis
561 1142 699 1210 praelatis,
713 1143 844 1208 plebanis,
855 1144 1008 1198 rectoribus
1020 1150 1047 1198 et
1059 1143 1163 1198 curatis
1171 1142 1201 1196 11
1212 1141 1340 1195 omnibus

39 1277 46 1288 ,
109 1232 270 1282 reuerenter
280 1225 417 1291 obediant.
427 1225 564 1292 nullisque
577 1223 717 1280 erroribus
728 1243 776 1280 seu
788 1225 896 1291 ritibus,
907 1227 955 1295 qui
971 1226 1138 1281 salutaribus
1149 1223 1301 1294 praeceptis
1312 1228 1340 1277 et

109 1308 177 1363 fidei
192 1308 360 1363 orthodoxae
371 1314 534 1377 repugnent,
546 1325 576 1362 se
591 1307 746 1373 inuoluunt,
759 1309 806 1362 sed
823 1307 975 1363 liberaliter
985 1309 1082 1363 Diuini
1100 1308 1219 1363 nominis
1235 1305 1338 1362 intuitu

109 1389 281 1446 miserabiles
290 1407 325 1445 ac
336 1388 405 1444 alias
414 1389 542 1444 honestas
551 1406 680 1457 personas
691 1390 725 1443 ad
738 1407 834 1444 eorum
847 1391 908 1444 loca
919 1390 1089 1446 declinantes
1099 1390 1191 1460 gratia
1200 1387 1341 1458 hospitali·

108 1472 321 1542 tatisrecipiunt
332 1490 367 1528 ac
377 1471 503 1541 requisiti
515 1472 691 1527 infirmorum
702 1489 797 1527 curam
814 1481 924 1542 gerunt,
938 1473 1130 1529 decedentium
1147 1472 1271 1527 fidelium
1281 1487 1342 1526 cor·

109 1572 182 1625 pora
196 1555 280 1612 etiam
295 1559 420 1624 tempora
431 1554 533 1609 furoris
545 1555 735 1624 pestilentialis
755 1555 784 1610 in
801 1556 883 1610 terris
893 1573 961 1623 quas
978 1555 1105 1610 habitant
1122 1555 1157 1609 ad
1173 1555 1342 1624 sepulturam

111 1637 326 1694 111Ῑαί111111
336 1637 484 1694 deferendo
501 1654 534 1691 11
551 1637 608 1691 alia
624 1636 734 1705 pietatis
750 1638 776 1690 11
793 1637 917 1692 caritatis
933 1654 1017 1705 opera
1035 1638 1195 1702 exercendo,
1209 1638 1293 1693 etiam
1309 1637 1343 1692 de

110 1718 244 1787 hisquae
259 1719 387 1775 manibus
403 1720 523 1788 propriis
540 1725 568 1775 et
584 1719 747 1775 mendicatis
765 1718 1072 1789 acquiruntsuffragiis
1089 1723 1183 1790 egenis
1205 1721 1344 1790 erogando

111 1802 237 1858 11111111
247 1803 279 1858 in
289 1804 439 1871 communi,
457 1805 580 1871 adeoque
597 1803 699 1857 Christi
717 1803 809 1857 fideles
826 1803 919 1872 populi
937 1803 995 1857 selo
1011 1801 1185 1868 sinceritatis,
1198 1801 1300 1857 favoris
1317 1805 1343 1856 et

111 1885 269 1940 dilectionis
278 1885 351 1954 ipsos
359 1885 511 1954 plurimum
520 1886 748 1954 complectuntur.
759 1884 799 1939 De
807 1885 907 1952 quibus
915 1886 1042 1940 omnibus
1051 1890 1210 1940 curatorum
1220 1901 1342 1956 suorum,

111 1966 293 2035 plebanorum
304 1973 332 2022 et
348 1967 559 2037 magistratuum
577 1967 790 2035 praesidentium
802 1973 829 2020 et
840 1966 996 2036 regentium
1007 1967 1152 2022 ciuitatum
1164 1973 1192 2021 at
1208 1966 1340 2029 locorum,

112 2048 163 2103 ubi
174 2048 226 2118 lpsi
237 2056 453 2114 commorantur,
466 2050 615 2104 nonnullae
626 2048 821 2104 testimoniales
836 2049 945 2103 litterae
956 2047 1127 2104 auctenticae
1143 2064 1236 2102 coram
1254 2049 1340 2103 bonae

112 2129 263 2186 memoriae
273 2133 381 2200 Angelo
391 2132 465 2188 tituli
482 2151 516 2186 ss.
531 2131 608 2186 Petri
624 2138 652 2186 et
668 2131 794 2186 Marcelli
807 2132 967 2198 presbytero
980 2130 1115 2185 cardinali
1131 2129 1222 2185 iudice
1233 2135 1261 2184 et
1272 2146 1343 2183 com·

112 2212 239 2268 111111111
249 2213 414 2268 auctoritate
430 2215 502 2268 sacri
519 2213 734 2268 constantiensis
751 2213 864 2267 concilii
878 2212 1018 2281 generalis
1034 2212 1189 2279 specialiter
1205 2212 1345 2280 deputato,

113 2297 145 2355 iu
160 2303 237 2353 carta
252 2314 336 2352 causa
355 2297 386 2353 in
402 2297 616 2352 contradictorio
636 2297 738 2350 iudicio
755 2296 861 2351 intenta
881 2296 1038 2364 productae,
1059 2295 1168 2350 nemine
1183 2301 1344 2362 opponente,

114 2380 386 2435 senmtisseruandis
402 2383 559 2448 recognitae
576 2386 604 2433 et
620 2385 820 2447 transsumptis
839 2384 1009 2447 reputentur,
1023 2383 1105 2445 prout
1121 2379 1151 2432 in
1171 2378 1239 2432 dicti
1257 2377 1344 2432 cardi·

114 2464 187 2519 nalis
197 2464 378 2519 commissarii
401 2464 483 2518 etiam
496 2463 642 2518 autenticis
661 2463 761 2517 litteris
779 2470 951 2530 transumpta
968 2462 1126 2516 huiusmodi
1142 2461 1346 2517 continentibus

115 2547 210 2618 sigillo
221 2548 337 2601 munitis
348 2546 456 2615 plenius
467 2547 636 2602 continetur.

148 2629 346 2686 Verumtamen
357 2629 429 2684 idem
440 2647 582 2698 pauperes,
594 2634 626 2683 ut
643 2628 697 2683 fide
707 2629 793 2696 digna
809 2629 943 2684 relatione
960 2629 1140 2697 percepimus,
1153 2647 1170 2683 a
1182 2627 1346 2696 quibusdam

115 2713 272 2769 baereticae
279 2711 422 2781 pravitatis
438 2710 648 2778 inquisitoribus
658 2728 692 2765 ac
703 2711 828 2776 diuersis,
842 2711 961 2766 maxime
978 2710 1116 2780 religiosis
1126 2712 1255 2766 ordinum
1272 2726 1346 2765 men·

116 2794 271 2849 dicentium
280 2811 314 2849 ac
324 2793 387 2848 aliis
404 2810 499 2848 eorum
512 2793 627 2847 aemulis
640 2793 670 2844 in
688 2793 809 2860 ipsorum
827 2795 899 2848 bono
914 2793 1053 2862 proposito
1069 2794 1191 2850 indebite
1202 2800 1229 2850 et
1244 2794 1347 2850 iniuste

116 2875 308 2942 inquietantur
317 2881 346 2930 et
355 2876 552 2943 perturbantur
564 2891 597 2928 ac
613 2879 757 2941 praetextu
769 2874 980 2942 praemissorum
993 2876 1110 2943 captatis
1121 2876 1219 2931 exinde
1235 2877 1345 2943 quibus·

117 2959 182 3011 dam
194 2957 383 3012 occasionibus
394 2961 421 3011 11
432 2956 504 3010 fictis
515 2955 653 3010 coloribus
671 2955 710 3008 eis
727 2955 837 3009 diuersa
853 2956 1017 3024 grauamina
1034 2956 1192 3013 inferuntur
1203 2947 1307 3026 pariter
1319 2964 1346 3013 11

116 3041 242 3096 iacturae
252 3041 282 3095 in
290 3042 446 3095 animamm
455 3039 659 3093 molestantium
669 3038 821 3105 periculum
831 3045 859 3092 et
870 3055 1021 3106 pauperum
1030 3039 1186 3095 huiusmodi
1198 3041 1346 3096 laesionem

119 3131 147 3180 11
157 3126 324 3179 scandalum.
339 3123 431 3186 Quare
447 3141 497 3192 pro
514 3132 592 3190 parte
603 3123 739 3176 dictorum
751 3123 868 3176 fratrum
881 3139 1032 3190 pauperum
1045 3123 1123 3177 nobis
1134 3123 1187 3177 suit
1204 3123 1347 3180 humiliter

113 3207 310 3275 supplicatum,
323 3212 460 3261 uteorum
473 3208 565 3275 quieto
577 3205 661 3259 statui
673 3210 700 3259 11
716 3204 891 3259 indemnitati
908 3205 938 3259 in
949 3206 1105 3273 praemissis
1121 3209 1236 3273 paterno
1246 3207 1346 3262 affectu

117 3287 264 3356 prouidere
274 3289 308 3343 de
319 3288 490 3357 benignitate
500 3286 652 3355 apostolica
662 3286 849 3353 dignaremur.

153 3369 210 3424 Nos
219 3370 320 3438 itaque,
332 3371 381 3437 qui
392 3374 556 3425 cunctorum
568 3367 690 3421 fidelium
702 3374 730 3421 et
740 3367 901 3435 praesertim
919 3367 1036 3421 Domino
1047 3367 1141 3422 sedulo
1152 3367 1345 3424 famulantium

117 3451 349 3518 tranquillitatem
360 3452 530 3515 affectamus,
547 3451 716 3505 attendentes
727 3465 838 3516 quoque
849 3449 921 3514 quod
939 3456 1030 3503 nostra
1042 3450 1156 3504 interest
1170 3468 1253 3518 super
1269 3468 1344 3518 prae·

118 3533 210 3587 missis
225 3539 378 3600 opportune
395 3534 543 3601 prouidere
559 3537 591 3585 ut
608 3549 741 3599 pauperes
758 3531 891 3597 praedicti
910 3531 963 3584 viri
981 3537 1008 3585 et
1030 3532 1158 3586 mulieres
1180 3548 1301 3586 seorsum
1319 3537 1346 3587 et

118 3614 270 3670 distinctim
284 3618 344 3669 sine
360 3620 456 3668 mutua
468 3613 677 3668 conuersatione
689 3613 783 3667 viuere
795 3618 822 3666 et
833 3613 959 3667 habiture
970 3629 1002 3667 ac
1014 3620 1110 3679 vestes,
1123 3620 1204 3682 prout
1215 3614 1347 3668 hactenus

118 3702 329 3761 oonsueuerunt,
342 3703 457 3766 gestare,
468 3713 551 3763 opera
562 3697 684 3760 praefata
696 3713 822 3750 exercere
834 3712 940 3750 necnon
952 3696 1055 3751 victum
1067 3703 1094 3752 et
1105 3697 1235 3751 amictum
1253 3696 1346 3752 buius·

118 3780 204 3845 modi,
221 3786 253 3835 ut
273 3781 436 3848 praefertur,
454 3779 596 3845 acquirere
617 3778 704 3832 libere
724 3783 751 3832 et
770 3778 845 3833 licite
864 3778 968 3845 possint
989 3783 1016 3833 et
1041 3781 1158 3843 valeant,
1182 3780 1346 3834 auctoritate

120 3862 216 3918 eadem
233 3862 382 3931 apostolica
401 3867 496 3916 tenore
512 3859 697 3928 praesentium
715 3860 889 3928 indulgemus
906 3860 971 3928 ipsis
991 3859 1133 3928 utriusque
1149 3878 1229 3915 sexus
1246 3879 1281 3916 ne
1297 3880 1346 3930 per

120 3946 245 4015 quemuis
255 3962 338 4015 super
349 3943 503 4013 praemissis
514 3943 654 3997 molestari
671 3949 773 4010 queunt
790 3943 833 3996 vel
850 3943 958 3997 turbari
969 3961 1032 3998 cum
1043 3945 1169 3998 omnibus
1186 3950 1213 3999 11
1229 3945 1347 4013 singulis

120 4043 217 4081 eorum
227 4027 361 4093 domibus,
378 4025 599 4095 possessionibus,
617 4024 694 4089 locis,
712 4026 793 4078 rebus
810 4029 837 4078 11
854 4024 941 4088 bonis,
960 4041 1030 4091 quae
1047 4043 1120 4081 nunc
1137 4025 1261 4082 obtinent
1273 4031 1300 4081 et
1316 4028 1346 4082 in

120 4111 254 4177 futurum,
266 4115 421 4179 praestante
432 4108 558 4173 Domino,
571 4108 642 4162 iuste
654 4108 793 4175 potuerint
805 4107 928 4173 adipisci,
940 4109 975 4161 ab
984 4109 1176 4176 inquisitorum
1188 4115 1216 4164 et
1227 4112 1344 4165 fratrum

120 4193 322 4261 praedictorum
333 4211 365 4247 ac
372 4194 489 4247 aliorum
498 4207 723 4258 quorumcunque
732 4190 854 4244 cuiusuis
863 4197 948 4245 status
957 4193 999 4246 vel
1009 4193 1247 4260 praeeminentiae,
1257 4192 1345 4258 inqui·

119 4275 229 4340 sitione,
247 4275 446 4340 iurisdictione,
465 4281 597 4344 potestate
608 4280 635 4328 11
651 4274 853 4342 superioritate,
867 4274 960 4328 eadem
977 4279 1140 4330 auctoritate
1157 4275 1255 4328 harum
1273 4274 1344 4328 serie

120 4365 249 4428 perpetue
266 4361 415 4415 eximentes
432 4360 539 4426 penitus
557 4364 584 4413 et
600 4361 761 4424 liberantes;
779 4356 819 4410 ita
836 4357 907 4424 quod
927 4357 980 4425 ipsi
999 4358 1183 4425 inquisitores,
1203 4361 1301 4411 fratres
1317 4363 1345 4411 et

120 4441 213 4508 quiuis
225 4441 272 4497 alii
285 4443 390 4497 nullam
402 4441 596 4508 inquisitionis,
608 4441 781 4505 visitationis,
795 4438 1000 4505 iurisdictionis,
1013 4441 1213 4508 superioritatis
1228 4445 1343 4507 potesta-

119 4530 177 4579 tem
187 4525 232 4580 rel
240 4525 360 4582 officium
372 4527 402 4578 in
413 4523 520 4579 eosdem
532 4541 680 4592 eorumque
691 4525 785 4579 domos
796 4523 905 4578 valeant
916 4540 1042 4579 exercere
1053 4542 1104 4580 nec
1115 4525 1146 4580 in
1157 4525 1229 4593 ipsos
1240 4542 1345 4579 excom·

1165 4646 1196 4697 11
