3188 5408
709 111 809 166 ANNO
827 114 902 166 1460
1365 111 1414 164 369

212 243 255 302 bei
268 257 291 306 01
306 251 453 320 apostehce
468 251 539 304 sedis
557 250 652 320 gracia
671 250 790 319 episcopi
806 248 1009 313 Attrebatensis,
1028 265 1100 303 nunc
1119 248 1150 303 in
1165 248 1276 304 remotis
1296 249 1411 318 agentis,

208 334 231 384 01
239 332 320 389 frater
335 335 434 389 Petrus
446 334 639 398 Lesbloussart,
649 332 678 388 in
687 350 765 387 sacra
773 333 873 402 pagina
883 334 1016 400 professor
1031 331 1136 385 ordinis
1146 332 1263 386 fratrum
1274 331 1411 399 praedica·

202 414 297 481 terrim,
308 416 427 470 11001100
441 415 470 470 10
482 416 591 469 civitate
601 421 630 470 01
645 415 745 469 diocesi
762 414 944 470 Attiebatensi
956 413 1097 468 reverendi
1109 413 1233 482 magistri
1245 413 1363 468 Rolandi
1379 413 1414 467 (10

199 492 306 563 donne,
317 498 399 552 etiam
415 498 446 551 in
462 497 600 565 theologis
618 496 784 563 professoris,
805 495 977 549 famosissimi
997 494 1166 562 inquisitoris
1186 496 1306 551 heretice
1326 495 1414 564 pravi·

193 577 255 631 tatis
275 582 308 634 in
333 598 419 649 regno
440 579 555 632 Francia
577 578 738 632 auctoritate
756 578 904 645 apostolica
923 578 1053 645 deputati,
1075 579 1189 633 salutem
1209 579 1239 633 in
1260 582 1371 634 auctore
1390 582 1417 634 et

191 659 289 725 rapine
300 669 390 717 nostre
401 661 465 716 tidei
477 659 610 714 cathohee
622 660 686 713 lesu
699 658 806 714 Christo
818 660 934 713 Domino
948 664 1048 714 nostro.

215 740 334 798 Notum
345 744 460 798 facimus
471 744 552 810 quod,
565 742 631 795 visis
649 759 697 809 per
708 759 756 795 nos
768 746 795 796 et
810 741 957 810 diligenter
967 742 1128 797 examinatis
1143 744 1311 811 processibus
1322 749 1417 799 contra

183 834 240 885 VOS»
259 825 420 881 Johannem
433 828 533 891 Dubos,
551 827 684 880 iacobum
699 826 734 879 de
750 825 888 890 Bailloeul,
903 825 1032 894 Egidium
1048 828 1083 881 de
1101 828 1258 893 Blencourt,
1273 830 1366 884 Colam
1382 828 1417 883 de

180 901 493 976 &versiacensem
509 912 546 964 du
559 911 624 978 Gey,
641 909 743 963 dictam
760 909 910 972 Lestrebee,
923 909 1076 962 lohannam
1088 910 1297 978 Bayarde,alias
1308 912 1334 966 le
1345 912 1414 965 Luc·

178 999 245 1051 (1¹¹0,
270 994 448 1048 Catherinam
467 994 632 1055 Fourmetta,
650 992 718 1046 alias
739 990 904 1059 Gringaude,
922 991 1118 1060 Margarettam
1137 993 1294 1058 Briselame,
1307 994 1375 1047 alias
1391 995 1417 1047 le

179 1062 433 1140 Parqueminiere,
446 1083 473 1129 et
484 1075 638 1129 dohannam
656 1073 853 1136 Wissemaude,
870 1072 938 1126 alias
958 1074 1114 1143 Printamps
1134 1076 1201 1143 Gay,
1222 1078 1295 1144 apud
1317 1093 1366 1131 rios
1385 1077 1419 1130 de

178 1151 297 1211 multis
307 1158 530 1226 nephandissimis
543 1156 712 1219 criminibus,
726 1157 866 1223 presertim
878 1156 911 1209 de
922 1158 1065 1211 maledicta
1082 1164 1109 1212 et
1126 1159 1343 1226 nephandissima
1355 1158 1418 1212 Val-

178 1225 324 1294 deQium
340 1245 413 1295 secta
430 1245 569 1294 accusatos
580 1242 623 1293 vel
643 1241 737 1294 saltem
757 1240 860 1293 delatos
876 1245 903 1293 01
921 1241 1106 1306 (10000011100,
1119 1242 1222 1297 diutim
1233 1259 1325 1296 coram
1343 1242 1419 1296 nobis

183 1312 313 1377 aSitistis
323 1329 350 1378 et
360 1323 518 1377 solemniter
529 1328 610 1390 atque
619 1322 750 1388 jurisdico
761 1323 883 1376 deductis
891 1327 919 1376 01
935 1323 1022 1387 factis,
1034 1324 1183 1379 orthodoxe
1202 1325 1264 1378 fidei
1276 1327 1333 1378 nelo
1345 1324 1420 1378 ducti

185 1394 215 1443 ⁸¹
235 1415 284 1457 ex
304 1405 425 1472 injuncto
445 1405 522 1459 uobis
542 1408 636 1471 ajune
655 1405 745 1458 officio
756 1406 895 1472 pestiferas
914 1406 1037 1459 haereses
1054 1411 1080 1460 et
1100 1407 1168 1460 alias
1186 1406 1419 1474 dampnatissimas

192 1481 291 1538 secta,
310 1487 342 1540 de
354 1487 453 1553 populo
464 1487 514 1541 Dei
531 1492 558 1540 et
574 1486 691 1540 maxime
707 1487 741 1539 de
757 1486 809 1540 hac
821 1488 1003 1541 Attrehatensi
1019 1487 1129 1553 diocesi,
1141 1489 1205 1543 totis
1222 1489 1327 1542 viribus
1337 1488 1419 1542 extir-

197 1559 264 1647 bimi
276 1567 420 1635 cupientes,
434 1568 488 1621 hiis
498 1567 551 1631 die,
564 1568 633 1622 hora
644 1573 671 1622 et
687 1568 746 1621 loco
757 1569 834 1621 vobis
845 1572 872 1623 01
882 1573 1001 1623 vestrum
1013 1570 1125 1624 cuilibet
1140 1571 1175 1624 ad
1187 1575 1305 1624 nostiam
1316 1577 1420 1625 senten·

208 1651 281 1702 “lam
291 1650 462 1704 diffinitivam
473 1650 638 1705 audiendum
650 1650 828 1718 peremptorie
839 1656 867 1706 01
878 1652 1054 1718 personaliter
1064 1652 1216 1721 assignatis,
1229 1670 1279 1720 pro
1290 1652 1422 1707 tribunali

214 1725 335 1796 ⁸edentes,
348 1732 525 1786 sacrosanctis
546 1733 710 1799 Evangeliis
729 1750 821 1786 coram
839 1734 915 1787 nobis
927 1734 1029 1801 positis,
1042 1739 1074 1789 ut
1089 1736 1122 1789 de
1138 1737 1215 1789 vultu
1233 1735 1283 1788 Dei
1300 1741 1422 1790 00011001

215 1814 318 1872 trudeat
329 1816 475 1884 judicium,
495 1821 522 1870 et
541 1816 629 1884 ipsum
646 1818 733 1871 solum
751 1834 799 1885 pre
815 1817 901 1871 oculis
921 1817 1077 1882 habeamus,
1097 1823 1153 1872 tam
1173 1819 1335 1874 auctoritate
1345 1835 1421 1886 apos-

218 1891 288 1950 101100
309 1916 390 1965 quam
413 1899 562 1962 ordinaria,
587 1900 684 1967 quibus
704 1900 845 1968 fungimur
863 1901 893 1952 in
912 1899 964 1953 hac
983 1905 1068 1967 parte,
1089 1902 1238 1955 multorum
1257 1903 1422 1955 famosorum

218 1973 376 2035 dominorum
386 1986 444 2036 tam
455 1982 643 2050 theologorum
653 2001 733 2050 quam
741 1983 963 2050 jurisperitorum
972 1983 1132 2038 solemnium
1144 1989 1171 2039 01
1182 1986 1300 2038 aliorum
1311 1986 1421 2054 religio·

216 2076 297 2116 sorum
318 2063 440 2116 virorum
462 2069 570 2118 maturo
591 2069 619 2118 01
637 2066 753 2118 1111111010
774 2066 921 2131 ponderate
943 2064 1006 2118 freti
1029 2066 1151 2131 consilio,
1169 2069 1282 2122 eandem
1302 2072 1423 2122 nostram

213 2147 369 2201 sentenciam
381 2147 554 2202 diffinitivam
567 2149 678 2202 ferimus
689 2149 719 2201 iri
730 2147 784 2201 hiis
795 2148 903 2215 scriptis
914 2166 920 2201 :

239 2228 272 2282 ln
279 2229 388 2283 nomine
398 2229 496 2284 Sancte
505 2235 532 2284 01
540 2230 680 2284 individue
689 2230 841 2295 Trinitatis,
852 2230 943 2285 Patris
950 2235 978 2286 et
986 2232 1050 2286 Filii
1060 2238 1089 2288 et
1097 2234 1214 2302 Spiritus
1223 2236 1325 2300 Sancti,
1333 2253 1422 2290 amen.

212 2310 345 2374 Quoniam
362 2330 411 2381 per
427 2312 582 2382 dilligentes
600 2312 809 2368 informaciones
820 2319 848 2367 et
865 2320 965 2367 vestras
976 2318 1057 2382 atque
1068 2324 1186 2370 vestrum
1203 2319 1348 2386 cujuslibet
1363 2335 1425 2372 con·

208 2396 337 2450 1001110000
358 2414 451 2451 coram
462 2397 540 2450 nobie
562 2397 592 2451 in
606 2397 712 2466 judicio
730 2398 792 2451 fidei
805 2398 890 2451 factas
906 2401 934 2450 01
949 2414 1011 2465 sepe
1028 2400 1164 2466 repetitis,
1178 2401 1367 2469 comperimus,
1379 2419 1427 2455 vos

206 2484 234 2535 et
251 2479 400 2548 quemlibet
418 2484 537 2534 vestrum
555 2496 572 2533 a
589 2479 642 2533 tide
659 2480 807 2534 orthodoxa
824 2479 943 2534 deviasse
961 2485 988 2534 et
1005 2486 1176 2549 apostatasse,
1195 2484 1384 2538 conventicula
1399 2488 1427 2539 et

206 2560 447 2630 congregaciones,
459 2560 599 2628 inquibus
609 2562 736 2615 demones
746 2562 892 2629 aliquando
910 2562 939 2614 in
954 2563 1045 2631 effigie
1061 2563 1187 2630 hominis,
1205 2567 1352 2634 aliquando
1362 2584 1427 2622 vero

204 2659 239 2714 in
256 2644 347 2713 effigie
363 2645 506 2699 brutorum
523 2643 690 2698 naturalium
701 2643 869 2697 diversarum
886 2643 1036 2711 specierum
1052 2647 1231 2713 presidebant,
1245 2649 1427 2717 frequentasse

208 2733 239 2784 01
255 2726 357 2782 eisdem
373 2725 532 2780 demonibus
548 2725 732 2780 reverenciam
743 2725 904 2789 exhibuisse,
918 2731 945 2781 01
961 2744 993 2780 ea
1004 2727 1124 2782 exhibita
1135 2730 1228 2796 aliqua
1239 2729 1310 2782 doira
1326 2727 1427 2780 eisdem

208 2808 371 2863 demonibus
387 2808 490 2871 fecisse,
504 2809 665 2875 quamplura
676 2808 803 2862 mandata
819 2808 939 2875 ipsorum
957 2810 1101 2863 demonum
1113 2817 1203 2865 nostre
1214 2811 1276 2865 fidei
1293 2816 1321 2864 01
1336 2809 1429 2863 divine

207 2890 266 2959 legi
283 2890 421 2944 contraria
431 2891 571 2957 recepisse,
583 2896 611 2944 et
628 2891 699 2956 quod
717 2890 764 2943 illa
781 2891 924 2944 servaretis
936 2891 1096 2957 promisisse,
1110 2898 1137 2946 ct
1154 2893 1225 2960 ipsos
1236 2894 1363 2947 demones
1380 2892 1427 2960 qui

210 2973 241 3027 in
253 2973 409 3039 hujusmodi
421 2972 681 3041 congregacionibus
693 2973 871 3039 presidebarrt,
884 2990 937 3040 quo
949 2974 984 3026 ad
995 2974 1100 3040 aliquos
1116 2974 1146 3028 in
1157 2975 1359 3042 posterioribus,
1374 2992 1428 3040 quo

211 3055 249 3109 ad
260 3053 328 3108 alios
338 3071 403 3107 vero
419 3054 449 3106 in
459 3053 571 3120 pedibus
582 3059 609 3107 et
620 3052 744 3106 manibus
755 3054 922 3108 deosculatos
939 3055 1029 3119 fuisse,
1043 3057 1193 3124 multosque
1204 3074 1238 3111 ex
1249 3057 1325 3110 vobis
1336 3055 1429 3123 aliqua

210 3138 286 3191 dona
305 3137 339 3190 ab
358 3136 458 3190 eisdem
481 3136 639 3189 demonibus
661 3135 801 3202 recepisse,
822 3139 849 3189 et
871 3134 980 3204 signum
1000 3137 1089 3190 crucis
1109 3137 1217 3192 Domini
1240 3138 1324 3192 nostri
1345 3137 1429 3192 ihesu

212 3220 327 3282 Christi,
338 3219 485 3286 aliquando
501 3220 613 3286 pedibus
625 3220 795 3272 conculcasse
807 3220 848 3272 vel
868 3236 949 3286 super
965 3220 1032 3274 illud
1050 3221 1185 3288 exspuisse
1196 3241 1202 3286 3
1215 3226 1243 3276 01
1258 3227 1285 3276 10
1297 3222 1430 3276 0010110111

213 3303 445 3365 1010100110
455 3301 522 3364 1100,
535 3319 553 3354 a
568 3301 690 3362 demone,
703 3301 732 3352 in
749 3299 838 3367 effigie
854 3299 981 3362 hominis,
993 3304 1021 3354 01
1031 3303 1113 3355 semel
1129 3301 1159 3354 10
1176 3302 1266 3370 effigie
1282 3300 1355 3355 tauri
1372 3318 1430 3355 car·

213 3385 316 3441 naliter
331 3385 469 3453 cognitam
485 3383 575 3447 fuisse,
590 3400 694 3437 necnon
710 3388 764 3436 tres
780 3385 898 3435 sacratas
914 3381 1024 3445 hostias,
1037 3400 1099 3435 cum
1119 3383 1224 3436 duobus
1240 3383 1395 3437 buffouibus
1405 3388 1433 3437 01

214 3466 354 3535 aliquibus
373 3467 485 3529 ossibus,
507 3483 558 3533 que
579 3466 629 3518 sub
653 3464 773 3531 patibulo
796 3464 965 3517 atrebatensi
989 3465 1145 3532 collegeras,
1168 3466 1295 3519 defuncto
1314 3465 1434 3519 iohanni

217 3548 359 3615 Tannoye,
369 3547 442 3602 dicto
462 3547 555 3600 1¹Abbe
572 3546 606 3599 de
623 3545 681 3598 Pau
701 3545 735 3597 (10
751 3561 820 3606 scus,
839 3561 926 3611 nuper
942 3549 973 3598 ut
989 3545 1134 3598 criminoso
1151 3546 1184 3598 de
1201 3546 1274 3598 dicta
1290 3545 1434 3599 maledicta

214 3633 292 3684 secta
304 3629 479 3683 Valdensium
491 3630 636 3695 dampnato
647 3632 674 3680 01
686 3625 797 3694 justicie
812 3625 916 3690 relicto,
930 3631 960 3679 111
979 3626 1041 3679 inde
1059 3631 1198 3695 unguenta
1214 3627 1435 3695 dampnatissime

217 3712 374 3775 conticeret,
397 3710 556 3776 tradidisse,
580 3713 607 3763 te
628 3725 692 3762 vero
715 3707 889 3761 Catherinam
912 3707 1078 3775 Gringaude,
1101 3708 1227 3762 similiter
1249 3709 1350 3777 pluries
1372 3725 1434 3761 cum

216 3794 343 3856 demone,
366 3792 396 3845 in
417 3791 507 3860 effigie
528 3791 660 3853 humana,
685 3794 775 3856 preter
795 3789 905 3841 modum
928 3791 1093 3852 naturalem,
1117 3789 1333 3855 commiscuisse;
1356 3793 1434 3855 teque

217 3875 426 3943 Margarebtam,
438 3874 538 3927 dictam
555 3874 581 3925 le
596 3870 825 3938 Parqueminiere,
839 3870 921 3923 etiam
938 3888 1000 3925 cum
1017 3873 1129 3924 demone
1146 3872 1176 3926 in
1192 3873 1282 3941 effigie
1294 3870 1396 3938 vulpis3
1409 3875 1437 3924 et

217 3963 249 4012 te
260 3956 414 4011 Johannam
424 3955 622 4018 Wissemande,
635 3954 735 4007 dictam
748 3952 903 4018 Printamps
914 3951 980 4019 Gay,
993 3953 1023 4005 iri
1039 3953 1129 4021 effigie
1146 3954 1245 4021 leporis
1256 3958 1347 4008 actum
1358 3969 1436 4006 vene·

159 4078 162 4084 .
219 4055 301 4093 reum
311 4054 386 4092 more
396 4037 551 4092 inordinato
562 4041 589 4091 et
605 4039 682 4090 extra
698 4039 803 4102 portam
820 4034 937 4087 debitam
949 4035 1099 4088 exercuisse
1110 4055 1116 4102 3
1129 4034 1240 4103 insuper
1250 4053 1297 4088 vos
1309 4034 1438 4102 Egidium

220 4120 258 4176 ds
280 4120 429 4176 1110000101
458 4124 485 4176 01
506 4119 702 4186 Margarettam
723 4119 750 4173 le
772 4116 993 4184 Parqueminiere
1024 4119 1059 4174 ad
1080 4123 1236 4187 preceptum
1255 4119 1385 4183 demonis,
1408 4117 1438 4172 in

1311 4239 1344 4290 24
