3194 5408
562 491 663 545 ANNO
684 493 756 546 1451
1227 497 1275 551 eal

48 611 103 671 bac
124 626 201 689 parte
223 627 282 678 tam
302 624 452 693 apostolica
468 641 550 692 quam
573 625 714 680 ordinaria
737 624 946 681 auctoritatibus
974 627 1096 695 deputati
1118 626 1275 696 specialiter

50 702 79 751 et
89 703 235 769 commissi,
247 706 367 761 salutem
378 705 408 760 in
421 706 550 762 Domino.

84 781 187 840 Notium
197 788 313 842 facimus
322 789 396 856 qnod
407 789 452 843 die
462 795 490 844 et
501 790 562 844 loco
573 789 689 845 inferius
700 791 810 858 scriptis
821 807 871 845 nos
885 791 915 845 in
932 808 1014 846 causa
1032 792 1106 858 fidei,
1116 809 1170 860 que
1180 810 1273 848 coram

52 863 132 921 nobis
142 870 273 936 pendebat
281 871 354 925 inter
362 878 546 938 promotorem
556 873 640 926 officii
653 873 719 928 dicti
729 874 872 929 reverendi
882 873 976 942 patris.
985 892 1018 927 ex
1027 892 1091 938 una.
1103 883 1130 929 st
1138 876 1272 930 Jacobum

55 940 283 1019 bmnnuycum
301 957 480 1021 conjugatum
497 953 526 1008 in
544 954 610 1008 villa
632 954 667 1008 de
689 955 824 1024 Calcheya
845 957 923 1009 beate
946 955 1043 1018 Maris,
1069 957 1274 1012 Cameracensis

58 1021 176 1102 diocesis,
186 1040 409 1099 commorantem,
423 1038 548 1104 partibus
569 1055 605 1091 ex
616 1039 712 1103 altera,
724 1038 769 1092 die
781 1040 814 1092 ad
828 1039 881 1093 hoc
892 1040 1016 1105 partibus
1030 1040 1169 1107 assignata
1181 1045 1208 1094 et
1225 1056 1274 1108 per

62 1122 107 1165 Ν
120 1123 251 1187 acceptata
262 1118 378 1174 inferius
394 1120 505 1187 scripte,
518 1121 627 1188 illisque
644 1123 822 1189 presentibus,
836 1127 958 1176 nostram
974 1123 1137 1188 protulimus
1153 1122 1273 1178 diffiniti·

64 1202 284 1258 'meneutam
296 1203 327 1257 in
340 1202 452 1257 modum
463 1203 513 1270 qui
523 1205 666 1271 sequitur:

96 1273 156 1335 Viso
169 1283 366 1352 diligenterque
377 1290 556 1352 percunctato
572 1286 691 1352 quodam
707 1303 834 1354 processu
852 1287 881 1341 in
899 1287 1014 1342 materia
1025 1294 1198 1342 sacrosancte
1210 1287 1273 1343 fidei

73 1358 188 1418 munte
197 1374 292 1420 contra
303 1372 330 1420 te
346 1367 480 1422 iacobum
492 1369 605 1434 Acerin,
615 1368 724 1438 layoum
736 1374 913 1436 conjugatum
931 1370 960 1422 in
972 1369 1039 1422 villa
1051 1368 1185 1439 Calcheye
1197 1372 1274 1425 beate

76 1435 156 1510 bene.
166 1447 363 1503 Cameracensis
373 1449 497 1516 diocesis,
510 1457 737 1514 commorantem,
746 1450 895 1512 subditum,
905 1449 1102 1515 Justiciabilsm
1110 1467 1143 1504 ac
1154 1451 1274 1519 prisona·

80 1519 138 1581 rium
145 1534 267 1596 nostrum,
280 1530 311 1584 in
322 1527 441 1596 presenti
448 1531 556 1598 judicio
568 1546 661 1586 ceram
671 1531 749 1585 nobis
760 1530 939 1598 personaliter
950 1532 1138 1591 constitutum.
1149 1533 1229 1586 renui
1241 1550 1274 1586 ex

83 1605 146 1665 tffltii
159 1619 243 1668 nostro
259 1612 352 1667 debito
372 1613 493 1666 clamosa
512 1613 700 1667 insinuatione
717 1618 744 1667 et
760 1611 923 1681 gravissima
940 1612 1135 1679 diffamatione,
1154 1632 1208 1681 que
1223 1617 1273 1669 sub

84 1684 166 1748 bato
179 1694 338 1762 pertransiri
355 1694 447 1749 ullave
465 1697 693 1764 tergiversatione
710 1696 793 1749 celari
812 1711 867 1749 non
891 1699 1039 1763 potuerunt
1056 1702 1105 1749 aut
1121 1696 1275 1752 debuerunt

84 1775 266 1841 maanus,
285 1775 399 1846 agitato,
419 1776 545 1831 articulis
563 1777 592 1831 in
612 1779 708 1832 eodem
724 1776 868 1844 descriptis
888 1776 939 1831 tibi
955 1777 1098 1845 impositis,
1111 1782 1275 1835 sacramenti

82 1859 386 1923 momentaneam
398 1859 507 1928 tuisque
516 1861 731 1915 confessionibus
740 1877 803 1914 cum
815 1863 912 1914 ceteris
925 1861 1023 1916 merito
1033 1863 1237 1920 considerandis
1247 1871 1275 1920 st

81 1932 327 2017 deluempplsndis.

102 2018 128 2077 ln
136 2030 236 2085 nomine
248 2033 344 2085 sancte
352 2034 380 2084 et
390 2028 532 2083 individue
540 2029 671 2085 Vrinatis.
681 2030 773 2083 Patris
785 2036 811 2083 et
823 2028 887 2084 Filii
902 2034 929 2082 et
941 2030 1060 2097 Spiritus
1069 2031 1171 2095 Sancti,
1183 2049 1271 2086 amen.

75 2096 195 2194 ollonium,
213 2129 248 2168 ex
266 2111 398 2166 dilucidis
413 2111 468 2166 tuis
487 2113 702 2207 confessionibus
718 2112 834 2179 aliisque
859 2113 991 2180 legitimis
1007 2114 1177 2168 documentis
1195 2115 1273 2169 nobis

70 2185 190 2249 sudata
200 2195 323 2250 constitit
334 2201 418 2262 atque
426 2200 541 2260 constat,
551 2200 694 2263 postquem
707 2202 782 2249 certa
793 2195 838 2250 die
854 2196 884 2250 in
902 2213 1028 2264 processu
1040 2195 1182 2265 designata
1199 2197 1274 2252 circa

67 2258 138 2325 ΕΜ)
147 2277 353 2347 quadragesime
368 2277 467 2331 ultimo
485 2278 630 2345 preteriter
641 2277 674 2331 de
690 2294 801 2343 vespere
818 2278 940 2346 ejusdem
952 2277 1016 2340 disi,
1030 2279 1193 2345 quibusdam
1206 2296 1273 2348 erga

64 2339 286 2421 dut⁸luvenculas
298 2358 557 2429 virgineshonestss
568 2360 597 2414 in
608 2361 688 2415 domo
701 2367 750 2415 tua
761 2366 856 2414 nentes
865 2368 987 2428 repertas
998 2362 1028 2415 in
1039 2363 1133 2416 eodem
1145 2379 1272 2429 processu

60 2432 326 2498 wmimuslubrieis
337 2459 421 2510 quam
432 2443 582 2510 plurimum
594 2460 626 2496 ac
635 2443 824 2497 indecentibus
841 2443 940 2507 verbis,
954 2443 1017 2497 illas
1028 2445 1131 2510 ambas,
1143 2445 1166 2498 si
1178 2450 1271 2512 conju·

59 2515 119 2603 Q
133 2522 226 2592 iomnt,
244 2527 279 2580 ad
297 2525 392 2580 viriles
409 2525 551 2593 amplexus
567 2526 737 2580 sustinendos
759 2533 837 2593 aptas
859 2543 916 2580 esse
933 2525 1134 2592 denotantibus,
1147 2526 1272 2582 terminis

58 2599 161 2680 quidem
178 2609 401 2679 impudicissimis
417 2609 560 2678 ydeomate
578 2608 684 2663 Gallico
699 2610 818 2676 turpiter
834 2608 939 2663 emissis
956 2616 1067 2677 propter
1084 2627 1178 2665 eorum
1196 2616 1272 2665 nota·

58 2683 125 2768 ”Vm
134 2690 265 2748 vilitatem
275 2692 323 2747 hic
336 2692 435 2748 merito
447 2709 501 2747 non
519 2691 666 2745 recitandis
689 2692 730 2744 uti
747 2691 969 2758 presumpsisses3
987 2692 1135 2758 eodemque
1151 2693 1273 2761 virgines

60 2766 150 2827 wude
163 2790 215 2829 non
229 2772 368 2829 modicum
386 2773 566 2826 scandalizata
584 2790 632 2840 per
651 2773 761 2826 modum
779 2772 941 2826 elocutionis
960 2772 1132 2828 ammirative
1150 2775 1272 2842 predicto

60 2841 160 2917 mlgari
168 2858 307 2925 ydeomate
315 2854 422 2910 Gallico
431 2855 482 2910 tibi
493 2856 694 2922 respondissent
703 2855 741 2908 sic
751 2855 781 2908 in
790 2854 888 2909 effectu
898 2856 1030 2911 dicentes:
1043 2877 1055 2898 u
1067 2856 1208 2919 Quomodo
1217 2872 1272 2911 non

63 2933 240 3013 'Plecundaris
250 2939 291 2992 ita
299 2939 375 3005 loqui
384 2938 396 2992 l
406 2938 430 2990 si
443 2937 498 2992 alia
510 2938 617 2991 ratione
628 2938 656 2989 id
668 2936 796 2991 omittere
808 2953 863 2991 non
872 2936 982 2990 deberes
998 2952 1082 3002 quam
1094 2954 1143 3006 pro
1153 2953 1274 2992 reveren·

66 3015 105 3061 ⁰¹⁸
117 3014 232 3089 Virginis
248 3018 453 3088 gloriosissime,
471 3036 525 3086 que
548 3018 738 3086 multipliciter
760 3035 856 3072 sexum
877 3018 1025 3072 femineum
1042 3019 1190 3086 decoravit,
1211 3045 1223 3068 s
1241 3026 1272 3074 tu

68 3097 149 3156 merito
159 3120 175 3155 a
185 3102 283 3157 talium
295 3102 457 3169 probatione
470 3103 616 3155 verborum
628 3101 737 3168 penitus
748 3101 924 3154 abstinuisses
937 3106 963 3154 et
975 3101 1113 3157 abstinens
1124 3109 1150 3157 te
1163 3103 1273 3170 proprie

72 3173 210 3240 memnon
226 3189 334 3239 tantum
350 3183 496 3238 immernor
507 3191 641 3250 quantum
659 3186 801 3237 formalem
819 3183 1006 3237 inimicumne
1024 3186 1107 3236 totius
1124 3183 1272 3238 christiane

72 3258 191 3331 religionis
201 3273 420 3336 contemptorem
432 3267 578 3328 reddendo,
592 3268 642 3319 sub
660 3274 784 3334 pratense
796 3273 896 3320 conatu
914 3267 947 3318 ad
965 3265 1115 3319 laudabilia
1131 3267 1271 3336 virginum

71 3357 178 3414 mperes
187 3351 348 3418 replicandi.
360 3349 391 3405 in
399 3350 530 3416 quasdam
542 3349 768 3403 horrendissimas
777 3349 899 3402 verbales
908 3348 1089 3414 blasphemias
1099 3348 1269 3412 hereticales,

70 3441 184 3496 munem,
196 3431 368 3485 scandalosas
384 3437 411 3485 et
427 3429 509 3497 longe
526 3430 587 3498 plus
604 3446 686 3497 quam
698 3429 753 3482 dici
771 3436 859 3494 posset
875 3428 984 3481 aurium
1002 3428 1110 3495 piarum
1127 3429 1271 3485 offensivas

63 3510 138 3579 ipsam
159 3512 285 3568 videlicet
305 3510 530 3581 gloriosissimam
552 3508 695 3578 Virginem
719 3509 862 3565 mulierem
883 3526 930 3562 seu
953 3510 1083 3564 seminam
1103 3510 1137 3564 ad
1158 3513 1271 3567 modum

60 3594 167 3650 niumm
183 3595 405 3663 desponsaturum
422 3611 471 3648 seu
488 3599 700 3661 conjugatarum
719 3599 876 3659 corruptam
898 3592 979 3646 fuisse
996 3593 1178 3661 designantes,
1196 3593 1227 3650 in
1244 3602 1272 3652 et

55 3677 104 3736 sub
118 3678 257 3747 ydeomate
275 3676 385 3746 vulgari
403 3683 602 3744 prememorato
620 3693 651 3728 ac
669 3675 794 3729 terminis
817 3675 1016 3728 execrabilibus
1039 3675 1127 3728 vocali
1149 3679 1271 3745 prefecto

51 3760 208 3818 recitatione
223 3759 363 3828 indignis3
383 3761 463 3813 venia
479 3765 570 3813 tamen
596 3760 672 3826 prius
688 3761 722 3812 ab
740 3758 880 3812 altissimo
896 3764 1019 3812 nostrum
1036 3761 1159 3814 omniurn
1175 3764 1272 3818 salutis

48 3850 142 3901 actore
162 3845 310 3908 memque
326 3841 522 3910 gloriosissima
539 3859 645 3911 semper
668 3841 785 3910 Virgine
805 3840 904 3904 Maria,
928 3842 1003 3895 fonte
1024 3841 1270 3909 misericordiane

45 3924 129 3984 totali
142 3924 316 3991 supercelesti
335 3923 415 3977 curia
435 3924 609 3981 devotissime
632 3924 776 3991 postulata,
801 3940 834 3977 ex
856 3939 931 3974 mera
950 3922 1023 3988 juris
1042 3924 1211 3994 necessitate,
1235 3944 1269 3982 ne

44 4006 175 4065 videlicet
191 4012 302 4074 propter
316 4022 410 4060 eorum
428 4023 483 4060 non
495 4006 694 4074 expressionem
712 4012 805 4059 nostra
814 4022 923 4072 presens
934 4008 1069 4060 sententia
1080 4008 1114 4060 de
1130 4009 1271 4064 incertitu-

43 4091 112 4145 dine
134 4105 180 4142 seu
196 4087 350 4142 obcuritate
367 4089 456 4142 notari
474 4089 558 4154 possit
575 4094 624 4141 aut
641 4087 844 4154 quomodolibet
862 4086 1021 4154 impugnari
1040 4086 1086 4141 hic
1106 4090 1268 4156 registr-atis,

42 4173 132 4228 verba
146 4170 251 4225 scilicet
268 4176 315 4223 tua
332 4170 459 4225 antefatis
476 4171 631 4239 virginibus
651 4169 795 4237 dirigendo
813 4186 819 4220 :
842 4190 854 4212 u
869 4169 903 4220 at
919 4176 1054 4222 comment
1071 4187 1105 4221 en
1122 4176 1186 4224 aeds
1203 4187 1270 4223 sores

40 4259 150 4311 homst
170 4254 375 4308 Nostra-Deme
394 4254 457 4306 a’en
477 4264 521 4307 eut
536 4259 619 4323 point
639 4253 737 4317 boirte,·
760 4253 812 4306 elle
832 4254 951 4321 raffoitu
969 4255 1057 4320 aacssij
1074 4253 1136 4305 bien
1159 4271 1210 4322 que
1229 4256 1268 4307 les

40 4339 172 4402 aultres,'
191 4336 304 4391 caselle
322 4340 355 4404 (u
376 4339 482 4389 marite
499 4340 584 4407 ainsi)⁸
597 4354 649 4406 que
665 4352 736 4389 riores
754 4343 853 4389 astons.
880 4336 1059 4390 Getides-eous
1078 4353 1130 4406 que
1146 4337 1199 4390 elle
1215 4341 1269 4390 soit

37 4420 175 4494 pucelle?
186 4417 299 4486 Ncnny,
313 4442 326 4465 n
338 4434 393 4471 non
405 4417 615 4485 dampnabiliter
624 4417 788 4485 prorupisse.

78 4504 113 4561 In
126 4503 337 4575 hujusmodique
353 4500 524 4560 intolerabili
541 4519 634 4556 errore
646 4501 789 4561 hereticali
810 4518 859 4570 per
877 4506 964 4559 totum
984 4508 1031 4558 tue
1042 4502 1143 4561 noticie
1163 4507 1270 4571 tempus
