3188 5408
537 108 638 164 ANNO
657 109 744 172 1179,
770 109 844 162 1180
1248 109 1296 162 449

13 242 25 303 ·’·.
94 232 267 318 Minidio,
291 256 339 306 aut
363 249 484 305 fomessis
500 253 531 303 ut
548 252 689 316 peccatum
708 245 865 300 amicissimi
876 244 929 299 viri
945 250 1090 311 attenuem,
1103 261 1194 302 errore
1205 248 1297 316 aliquo

14 322 25 340 ⁵
86 306 267 391 dl’studentem
281 333 389 403 judices
405 347 545 386 sacrorum
565 346 699 383 canonum
716 327 820 397 regulis
836 327 1133 382 commonuissem
1150 334 1296 399 utcunque,

177 407 261 473 limen
273 434 366 472 casum
377 415 432 470 riri
445 420 473 469 et
484 413 547 468 talis
558 413 620 466 viri.
634 412 720 480 Saepe
742 428 794 479 ego
810 411 912 466 veritus
930 411 959 465 in
976 430 1008 467 eo
1027 413 1253 467 inconsideratam
1272 416 1300 466 et

70 478 256 556 “moranum
266 502 327 568 ejus
339 497 534 566 loquutionem,
547 513 617 564 quae
628 496 691 550 licet
702 493 877 549 scholasticae
887 495 1045 550 subtilitatis
1060 501 1088 551 et
1103 496 1223 551 fortassis
1234 513 1298 550 non·

58 574 222 648 nunqnam
232 583 337 652 aliquid
346 581 497 636 catholicae
505 580 627 634 veritatis
635 578 755 642 haberet,
766 595 799 632 ea
807 582 897 632 tamen
907 579 937 633 in
945 580 1044 648 vulgus
1054 578 1193 633 indoctum
1205 582 1232 632 et
1243 595 1297 632 non

50 660 210 721 wracen
221 667 326 735 plebem
339 663 455 732 proferri
468 680 530 716 cum
544 662 623 730 gravi
634 661 797 728 simplicium
809 662 936 715 scandalo
947 678 1056 729 prorsus
1067 661 1197 716 odiosum.

59 740 62 743 ’
75 734 227 816 ΑΟεὶρίο
239 755 380 816 praeterea
393 764 427 800 ex
438 746 541 800 eisdem
552 743 751 811 inquisitorem,
762 759 825 796 mox
834 752 865 797 ut
876 760 984 797 causam
995 745 1061 798 dicti
1073 744 1125 798 viri
1141 742 1296 808 absoluerit,

36 813 73 907 ad
84 830 176 884 mc
187 849 267 898 usque
276 832 467 885 descensurum
478 829 513 881 ad
525 827 726 894 inquirendum.
736 825 768 879 Iu
780 843 834 893 qua
844 843 883 890 ne,
894 827 999 881 tametsi
1009 845 1105 882 causae
1113 828 1182 882 nihil
1191 844 1295 892 verear,

31 911 296 970 mquieudnem
318 919 425 977 tamen,
448 912 638 980 suspicionem,
661 911 803 978 impensas,
829 911 935 965 labores
958 913 1090 967 sustinere
1112 909 1245 978 oportebit
1270 912 1297 963 et

29 974 255 1062 ffuminum,
278 996 435 1064 pracsertim
456 995 563 1049 abbatis
578 995 611 1048 de
628 993 720 1048 Veteri
736 993 838 1058 Monte,
856 994 997 1049 doctorum
1014 994 1206 1050 nonnullorum
1219 993 1295 1048 Colo·

28 1068 229 1139 mensium,
242 1093 369 1143 quorum,
383 1082 493 1145 experto
505 1076 610 1143 loquor,
621 1093 654 1128 ex
663 1075 717 1130 tuis
728 1075 833 1128 casibus
845 1068 924 1129 facile
935 1077 1036 1140 odium,
1049 1075 1115 1144 quin
1128 1078 1155 1128 et
1165 1074 1296 1128 invidiam

27 1147 135 1230 ⁰⁰¹¹}
142 1162 226 1211 ectas.
248 1157 353 1212 florum
370 1158 462 1225 itaque
479 1157 677 1221 vexationes,si
694 1157 801 1223 quando
819 1157 960 1220 intentent,
978 1159 1050 1224 quod
1066 1157 1180 1210 sicciore
1189 1159 1258 1211 vado
1269 1163 1297 1212 et

27 1221 204 1293 faemos,
214 1240 281 1306 pede
293 1240 408 1294 transire
419 1241 507 1303 detur,
518 1246 595 1294 tuum
604 1239 635 1293 in
642 1239 820 1305 exspectando
828 1243 854 1292 et
863 1239 1001 1293 subeundo
1010 1238 1152 1293 consilium
1161 1246 1294 1308 exspecto.

28 1299 65 1358 Et
92 1310 218 1375 t-timen
229 1326 352 1390 utquam
364 1322 504 1376 celerrime
516 1328 576 1376 tuos
592 1321 621 1374 in
640 1320 723 1373 simili
740 1320 849 1388 negotio
865 1325 976 1374 eventus
992 1325 1019 1375 ei
1035 1321 1148 1375 consilia
1164 1323 1296 1375 rescribes

34 1395 215 1469 &Docto
228 1422 263 1459 ne
273 1406 405 1461 inermem
416 1411 444 1460 et
455 1405 602 1459 sorensium
619 1403 797 1457 conciliorum
814 1403 929 1457 inscium
941 1404 1045 1458 subitus
1055 1421 1132 1457 casus
1143 1406 1286 1459 conturbet

40 1467 155 1548 332,
166 1486 236 1539 celer
246 1487 387 1551 rescribas,
402 1490 433 1540 ut
442 1486 550 1540 abunde
560 1485 667 1539 reficies
677 1485 821 1549 sitientem,
834 1501 889 1538 uon
899 1485 989 1539 minus
1000 1489 1109 1540 tuorum
1120 1486 1295 1539 consiliorum

48 1556 228 1623 lffidentia
251 1585 333 1636 quam
353 1586 450 1624 causae
466 1585 542 1623 mese
555 1568 668 1636 justicia
685 1568 871 1621 confidentem.
890 1567 1019 1634 Nihilque
1039 1585 1088 1635 pro
1106 1568 1160 1621 lide
1179 1565 1296 1633 puritate

57 1633 251 1703 ”beandum
274 1667 377 1715 vereor,
398 1656 503 1706 tautum
528 1650 599 1706 absit
620 1650 765 1704 calumnia.
788 1649 861 1703 Haec
883 1655 915 1704 ut
935 1650 1050 1704 tidenter
1070 1650 1121 1705 tibi
1140 1648 1237 1713 detexi,
1256 1648 1295 1703 ita

64 1725 193 1786 Quis
203 1732 297 1797 celato,
310 1749 417 1799 quaeso.

115 1805 157 1868 Er
167 1812 281 1880 Swollis,
292 1820 367 1870 sexto
377 1814 487 1883 Aprilis.

339 1925 446 1981 Wessel
458 1925 592 1988 Gausiort,
608 1925 706 1993 Opera,
719 1925 769 1980 blz.
782 1928 830 1979 920
847 1941 882 1979 en
892 1928 949 1979 921.
962 1953 995 1964 -
1012 1923 1058 1979 Uit
1075 1942 1160 1980 senen
1175 1927 1295 1982 anderen

373 2009 446 2063 briei
460 2008 547 2073 (ibid,
571 2008 621 2062 blz.
643 2009 701 2072 864)
722 2007 823 2073 sohijut
843 2013 869 2062 te
889 2008 1000 2073 hlijhen
1020 2009 1067 2062 dat
1087 2009 1213 2064 Gansfort
1228 2011 1295 2065 door

373 2090 458 2145 Jacob
488 2089 591 2154 Hoech,
612 2090 700 2144 deken
719 2106 772 2143 van
793 2089 956 2156 Naaldwijh‚
980 2091 1017 2155 bij
1042 2090 1076 2145 de
1099 2092 1295 2160 godgeleerden

375 2171 586 2240 (inquisitcursl)
598 2189 651 2225 van
663 2171 768 2224 Keulen
777 2189 833 2224 was
841 2171 1030 2239 aangekhagd
1040 2174 1193 2239 geworden.
1205 2202 1238 2213 -
1248 2175 1296 2230 Zic

374 2253 428 2307 ooh
438 2253 515 2317 Moli,
528 2252 803 2321 Kerkqescbiedenis,
815 2254 875 2307 deel
885 2253 921 2317 11,
934 2257 961 2307 3ο
973 2253 1045 2317 stuh,
1059 2253 1108 2308 blz.
1122 2259 1179 2310 117.

638 2430 731 2498 369.

123 2601 229 2681 1479,
238 2600 356 2686 apsel.
372 2601 417 2667 De
428 2605 521 2687 pater
528 2601 652 2690 Jezuiet
663 2604 694 2670 J.
703 2603 837 2669 Buzelin
850 2601 1009 2671 vermeldt
1024 2602 1085 2670 den
1098 2603 1295 2690 predihheer

69 2706 139 2773 Jan
156 2705 196 2770 de
211 2707 340 2793 Augulo
356 2706 418 2795 (Du
432 2706 524 2796 Coin)
541 2708 652 2774 aldaar
666 2709 715 2774 als
730 2708 932 2793 inquisiteur.

107 2891 228 2946 ioannes
247 2892 281 2945 de
300 2893 419 2960 Angulo,
440 2911 567 2963 suprema
582 2893 734 2963 theologiae
753 2894 847 2950 laurea
866 2895 997 2964 insignis3
1016 2894 1146 2950 habendis
1164 2896 1294 2950 aduersus

67 2973 230 3029 haereticos
242 2975 444 3040 quaestionibus
455 2978 621 3044 praelectum
638 2977 719 3030 luisse
738 2977 883 3044 comperio,
896 2979 960 3032 dum
978 2979 1074 3031 flueret
1091 2976 1191 3031 Christi
1206 2993 1293 3030 annus

68 3071 163 3123 supra
172 3055 346 3109 millesimum
358 3062 385 3112 et
403 3059 697 3126 quadringentesimum
715 3075 801 3111 nonus
817 3063 845 3113 et
860 3058 1080 3127 septuagesimus.
1093 3061 1200 3115 Insulae
1217 3077 1294 3128 prae·

68 3136 172 3194 sertim
184 3144 364 3193 commoratus
374 3145 422 3194 est.

339 3248 364 3301 J.
379 3249 500 3310 Buzelin,
515 3247 747 3302 GalloFlandria
763 3263 845 3302 sacra
863 3257 886 3300 et
901 3250 1032 3317 profana,
1046 3249 1094 3303 blz.
1108 3252 1139 3303 27
1156 3266 1190 3304 en
1207 3253 1247 3304 28.
1259 3277 1293 3305 ·-,

370 3330 416 3385 Zie
428 3331 524 3385 verder
534 3348 582 3385 ons
593 3341 623 3384 nr
633 3333 691 3384 397.

638 3502 730 3572 370.

128 3679 231 3757 1480,
260 3728 267 3744 .
286 3729 294 3744 .
312 3731 319 3746 .
338 3728 347 3745 .
366 3730 399 3747 ..
425 3680 484 3759 26,
503 3682 551 3749 29
567 3701 607 3746 en
619 3680 679 3760 31,
701 3680 795 3747 Geni.
815 3678 994 3746 Uittreksel
1012 3677 1060 3745 uit
1076 3678 1133 3745 het
1147 3679 1291 3745 Gentsch

73 3779 329 3848 Memorieboek
356 3802 435 3849 over
459 3782 626 3870 Lodewijk
657 3782 781 3848 vander
807 3780 942 3861 Lindon,
969 3780 1020 3845 die
1043 3801 1176 3866 wegens
1200 3781 1292 3866 gods·

73 3884 238 3969 lestering
252 3904 293 3970 op
309 3884 377 3951 drie
400 3884 735 3972 achtereenvolgende
753 3884 858 3970 dagen
882 3882 1120 3970 herhaaldelijk
1143 3890 1209 3948 met
1232 3901 1291 3948 een

73 3987 228 4073 gloeiend
244 3989 324 4075 ijzer
346 3986 611 4073 gebraudmerkt‚
630 4009 692 4055 asu
709 3988 749 4053 de
764 3986 850 4052 kaak
866 3986 991 4073 gesteld
1007 4005 1048 4052 eu
1065 3987 1114 4052 uit
1129 3984 1292 4053 Vlaaude·

74 4109 137 4157 ren
155 4089 325 4175 gebennen
342 4090 445 4171 werd,
463 4091 563 4159 nudat
578 4093 663 4181 zijue
678 4097 759 4176 tong
774 4089 891 4176 gekort
903 4111 985 4157 was.

1160 4227 1194 4278 29
