3194 5408
661 503 951 557 ANN01326·1329
1218 581 1220 586 ,
1379 508 1424 558 181

188 650 219 699 et
240 651 368 715 rogatus,
387 652 415 700 et
433 648 468 701 ad
490 645 681 700 certitudinem
704 643 852 712 pleniorem
871 645 905 698 de
927 644 1064 712 premissis
1089 644 1185 713 rogavi
1197 645 1379 699 venerabilem
1397 651 1426 700 et

188 727 345 784 &mcum
357 728 447 784 virum
458 728 600 784 dominum
611 728 756 782 officialem
775 727 975 781 Tornacensem
994 727 1155 795 pradictum,
1168 732 1200 781 ut
1216 727 1338 796 sigillum
1355 729 1425 782 sedis

191 809 380 864 Toniaeensis
391 811 420 864 in
432 809 549 879 piasenti
560 809 741 864 instrumento
751 826 797 862 sau
816 809 979 876 transcripto
991 812 1110 876 apponat
1120 826 1167 862 seu
1185 809 1284 876 apponi
1301 809 1385 864 faciat
1397 810 1425 864 in

191 891 384 950 testimonium
401 892 603 960 premissorum.

225 977 285 1029 Nos
305 991 372 1029 vero
391 975 515 1029 officialis
527 973 708 1028 Tornacensis
720 972 866 1040 predictus,
883 971 1005 1041 sigillum
1022 972 1093 1027 sedis
1106 972 1285 1027 Tornacansis
1296 974 1331 1026 ad
1349 990 1426 1043 roga-

190 1069 253 1110 tum
274 1056 453 1124 suprascript-i
472 1056 572 1110 notarii
585 1054 702 1122 prasenti
725 1054 834 1122 publico
847 1054 1027 1108 instrumento
1044 1072 1090 1108 seu
1109 1054 1273 1122 transcripto
1290 1073 1345 1108 una
1362 1073 1424 1109 cum

190 1139 275 1208 signo
286 1142 315 1192 et
323 1138 522 1207 subscriptione
533 1138 654 1207 ejusdem
666 1136 766 1204 apponi
778 1136 894 1190 facimus
907 1137 935 1190 in
946 1137 1131 1191 testimonium
1144 1137 1345 1204 premissorum.

225 1223 333 1276 Datum
349 1238 421 1276 anno
437 1220 548 1275 Domini
565 1218 711 1273 millesimo
728 1218 918 1273 trecentesimo
929 1218 1058 1273 vicesimo
1070 1223 1174 1283 octavo,
1188 1219 1257 1274 senia
1268 1219 1354 1275 carcia
1366 1226 1426 1288 post

190 1307 295 1360 festum
305 1302 478 1359 Ascensionis
496 1301 647 1357 Dominice.

461 1410 602 1480 Origineel
620 1427 655 1477 op
667 1410 827 1478 perkament
843 1415 897 1464 mat
915 1410 998 1479 nagal,
1011 1427 1068 1464 anz.
1087 1409 1116 1463 in
1133 1410 1180 1464 het
1196 1409 1304 1464 arahiaf
1312 1427 1365 1465 van
1377 1411 1424 1466 het

494 1492 650 1562 Begijnh0f‚
680 1493 828 1561 afgedrukt
856 1493 891 1561 bij
916 1493 966 1546 B⁰¹¹
989 1493 1014 1547 J.
1044 1493 1177 1555 Bathuna,
1204 1492 1364 1547 Cartulaire
1385 1493 1424 1546 du

493 1577 659 1643 Baquinaqe
670 1574 705 1627 de
715 1575 756 1627 Su
767 1572 911 1627 Elisabeth
924 1583 941 1626 a
954 1573 1047 1638 uana,
1066 1574 1116 1628 blz.
1135 1577 1176 1639 76,
1195 1585 1225 1628 nr
1242 1579 1303 1643 1073
1316 1575 1367 1630 blz.
1380 1579 1424 1641 72,

492 1662 594 1725 n=1043
607 1674 642 1712 an
654 1657 704 1712 blz.
718 1660 760 1719 7³,
773 1667 802 1710 ur
814 1660 870 1711 105.

768 1843 850 1913 1⁸1.

239 2037 459 2114 13264329,
485 2037 712 2104 Vluanderen.
733 2033 915 2100 Uittreksel
933 2035 981 2101 uit
998 2055 1077 2101 eene
1094 2033 1176 2101 oude
1192 2034 1325 2125 kronijk
1341 2057 1421 2103 over

188 2140 294 2210 Jacob
311 2143 395 2229 Peyt
411 2161 474 2206 van
492 2137 771 2224 Winoksbergen‚
790 2137 841 2203 die
865 2137 913 2204 als
930 2137 1106 2204 hoofdman
1122 2138 1181 2204 der
1196 2139 1419 2226 opstandelin·

189 2266 259 2333 gen
276 2245 310 2310 in
323 2243 532 2311 VIaanderen
546 2242 586 2309 de
603 2242 694 2308 Kerk
713 2240 889 2326 vervolgde
914 2262 954 2306 en
972 2242 1141 2309 wenschte
1156 2241 1214 2308 dat
1236 2264 1273 2309 er
1296 2243 1419 2311 slachts

191 2346 257 2415 de'n
280 2347 473 2435 goestelijke
497 2367 538 2433 op
554 2346 594 2413 de
610 2344 734 2411 wereld
757 2345 868 2411 mocht
893 2344 1119 2411 ovenschieten
1144 2366 1185 2411 en
1210 2345 1266 2413 dat
1288 2347 1333 2434 hij
1358 2367 1419 2414 zou

192 2452 342 2538 haugen.
360 2453 445 2538 Peyt
465 2449 563 2517 stierf
574 2454 608 2519 ta
624 2447 835 2515 Hondschote
851 2447 973 2514 zondar
989 2448 1028 2514 de
1044 2453 1272 2517 sacramanten
1289 2453 1322 2518 te
1345 2454 1418 2520 ont·

191 2575 339 2642 vangen.

226 2725 260 2779 In
271 2724 365 2793 Bergis
377 2725 444 2778 villa
455 2725 541 2780 sancti
554 2724 656 2778 Winoc
667 2725 778 2792 quidam
796 2724 953 2792 capitaneus
970 2724 1088 2778 Jacobus
1100 2725 1169 2793 Peyt
1184 2724 1214 2778 in
1231 2742 1324 2780 omnes
1341 2742 1417 2793 praa·

190 2807 276 2876 cipue
291 2826 417 2876 pensonas
434 2809 630 2863 ecclesiasticas
650 2808 770 2862 insanire
788 2808 917 2875 coepit...
936 2809 1054 2862 Jacobus
1071 2808 1181 2876 Peyt...,
1200 2809 1248 2877 qui
1265 2809 1418 2864 intantum

188 2893 388 2947 ecclesiasticos
399 2892 463 2946 odio
474 2892 579 2955 habuit,
594 2893 666 2958 quod
678 2892 762 2945 nollet
783 2891 835 2944 nisi
855 2909 941 2944 unam
953 2892 1041 2945 solum
1058 2909 1196 2960 superesse
1213 2893 1379 2946 sacuuotem
1392 2897 1419 2947 et

188 2973 271 3026 hunc
281 2972 308 3026 in
319 2979 380 3030 aare
391 2992 564 3043 suspensum
576 2976 622 3028 sed
635 2992 684 3028 nac
695 2973 877 3028 ecclesiastico
890 2974 989 3028 viatico
1001 2974 1122 3028 munitus
1134 2976 1206 3042 apud
1219 2974 1417 3030 Hondesootam

190 3055 330 3111 omum
458 3123 613 3177 Chronicon
634 3123 793 3176 Flandriae
815 3123 919 3176 iudea
939 3124 1068 3177 Liderico
1090 3125 1118 3177 10
1138 3140 1224 3194 usque
1243 3125 1283 3178 ad
1302 3133 1418 3178 mortem

485 3207 615 3269 loannis,
629 3207 708 3258 ducis
722 3204 906 3272 Burqundiae
917 3213 942 3258 at
956 3210 1064 3259 comitis
1075 3207 1240 3271 Phaedriae,
1254 3207 1417 3277 uitgegeven

487 3288 555 3341 door
571 3287 596 3342 J.
614 3288 639 3341 J.
658 3289 774 3350 Desmet,
795 3286 899 3356 Capua
919 3286 1114 3342 chronicorum
1132 3289 1299 3355 Flandriae,
1316 3291 1377 3346 dael
1393 3292 1415 3355 Ι,

486 3369 535 3423 blz.
550 3373 607 3434 319,
621 3373 784 3424 321en322.

763 3567 848 3635 182.

238 3759 457 3840 13264329,
479 3760 705 3827 Vlaanderen.
725 3758 906 3825 Uittreksel
922 3758 970 3825 uit
992 3779 1072 3825 eene
1091 3758 1172 3826 ouda
1189 3758 1320 3846 kronijk
1338 3779 1417 3826 over
1495 3793 1498 3799 ·

185 3862 291 3932 Jacob
315 3866 398 3950 Peyt
425 3862 539 3950 (Prie),
572 3862 747 3929 hoofdrnan
775 3863 832 3927 der
850 3862 1046 3929 Vlaainsche
1076 3863 1346 3949 opstandelingen
1374 3885 1415 3930 en

187 3966 301 4055 vijand
318 3967 376 4033 der
392 3967 496 4045 Kerk,
517 3967 568 4031 die
592 3988 634 4032 na
662 3966 771 4054 zijnen
800 3966 881 4031 dood
908 3986 948 4051 op
973 3986 1034 4032 een
1057 3966 1174 4031 vonnis
1191 3987 1254 4033 van
1272 3966 1335 4033 den
1351 3966 1416 4033 bis-

184 4072 289 4157 schop
301 4092 366 4138 van
384 4073 547 4137 Terwuan
564 4091 605 4136 en
618 4090 682 4136 van
702 4070 741 4135 de
758 4069 915 4155 naburige
932 4071 1082 4154 prelaten
1106 4074 1290 4156 ontgraven
1308 4092 1348 4136 en
1366 4071 1414 4137 als

184 4175 300 4242 ketter
317 4173 482 4241 verbrand
501 4173 602 4240 werd.

275 4361 440 4429 capitaneus
461 4360 615 4428 Bergensis,
634 4360 789 4415 nominatus
806 4362 922 4415 „Iacobus
941 4335 1015 4425 Piic,
1036 4361 1159 4429 proditur
1176 4361 1368 4417 callidissimus
1384 4366 1413 4416 et

183 4443 340 4500 Meoeticus
357 4443 498 4512 passimus,
512 4443 559 4511 qui
580 4445 690 4512 optabat
710 4462 763 4498 non
784 4463 840 4499 esse
860 4444 911 4498 nisi
932 4463 1017 4499 unum
1035 4446 1201 4500 sacerdotem
1221 4446 1250 4499 in
1267 4446 1369 4499 mundo
1384 4453 1412 4501 et

181 4528 263 4598 illum
275 4526 306 4594 in
318 4530 382 4594 aare
393 4543 562 4608 suspensum.
574 4527 644 4580 Nam
657 4531 683 4580 et
694 4526 751 4605 ipsc
762 4532 890 4604 tanquam
903 4526 1060 4582 incredulus
1071 4527 1212 4586 ecclesiam
1225 4544 1279 4586 non
1291 4527 1412 4587 intrabat
