3194 5408
830 497 931 551 ANNO
950 499 1025 550 1502

884 688 984 754 400.

366 844 468 919 1502,
492 843 531 929 (b
550 841 799 929 Gravenbape).
817 841 998 908 Uiitreksel
1022 841 1070 907 uit
1088 840 1147 906 het
1172 841 1356 927 earumque
1381 841 1545 908 hemme

317 967 398 1041 rura
413 946 425 1035 t
430 946 528 1029 1526)
543 965 607 1010 van
624 945 685 1010 den
709 944 905 1031 predikheer
925 966 965 1010 en
984 943 1179 1028 inquisiteur
1196 943 1386 1010 Bernardus
1403 944 1546 1010 Luizen·

319 1047 452 1134 burgus,
462 1067 542 1114 over
553 1046 592 1113 de
601 1046 846 1132 veroordeeling
856 1067 920 1112 van
933 1045 994 1112 den
1008 1044 1120 1111 ketter
1131 1046 1275 1110 Hermen
1288 1066 1353 1112 van
1367 1046 1545 1133 Rijswijck

317 1153 369 1217 tot
383 1149 593 1233 levenslange
609 1148 797 1234 kerkering.
817 1184 860 1196 -
877 1149 960 1213 Deze
976 1147 1222 1233 vercordeeling
1238 1147 1332 1212 werd
1348 1152 1454 1235 tegen
1469 1150 1545 1216 hem

318 1251 397 1318 door
424 1252 486 1317 den
512 1250 704 1335 inquisiteur
728 1251 791 1317 Jan
821 1272 885 1317 van
913 1250 1083 1316 Ommaten
1107 1248 1355 1335 uitgesproken.
1374 1253 1424 1319 De
1448 1254 1545 1319 reeks

318 1355 421 1443 ziJner
448 1358 673 1420 voornaamste
700 1353 853 1439 delingen
882 1353 990 1420 werdt
1017 1353 1089 1418 hier
1116 1373 1317 1439 opgegeven,
1344 1354 1546 1422 waaronder

317 1476 392 1521 zeer
408 1458 516 1521 stoutc
533 1453 742 1522 voorkomen.

352 1590 524 1644 Hermannus
541 1589 690 1657 Rysswiclr,
709 1595 867 1656 ann01502,
886 1590 919 1643 ad
938 1596 1100 1657 perpetuum
1117 1606 1253 1644 carcerem
1269 1590 1326 1645 fuit
1343 1592 1546 1647 condemnatus

318 1690 367 1741 per
378 1671 654 1727 fratremJohannem
672 1673 826 1737 Ommaten,
844 1690 920 1727 sacre
929 1672 1070 1742 theologie
1089 1673 1274 1741 professorem,
1295 1673 1408 1728 ordinis
1423 1677 1546 1743 pradica-

318 1764 408 1813 torum
420 1762 447 1810 ot
457 1755 658 1822 inquisitorem.

352 1839 386 1892 Et
400 1839 446 1891 isti
456 1845 520 1891 sunt
531 1839 640 1892 articuli
652 1838 810 1893 hereticales
822 1838 942 1893 eiusdem
955 1838 1169 1907 principaliores,
1183 1844 1295 1906 propter
1305 1855 1378 1905 quos
1396 1841 1455 1895 iam
1473 1841 1544 1909 peni·

318 1926 378 1976 tens
389 1925 518 1986 perpetuo
531 1920 636 1973 carceri
646 1921 817 1974 adiudicatus
826 1921 886 1975 fuit.
900 1921 1010 1975 Primus
1021 1922 1092 1987 quod
1104 1921 1221 1974 mundus
1229 1921 1282 1974 fuit
1294 1922 1331 1974 ab
1342 1928 1445 1977 eterno
1454 1928 1481 1977 et
1493 1940 1544 1977 non

318 2005 415 2071 incipit
437 2021 486 2071 per
507 2004 671 2058 creationem
692 2005 852 2059 fabricatam
874 2022 890 2058 a
908 2005 991 2059 stulto
1009 2007 1093 2069 Mose,
1111 2011 1142 2058 ut
1163 2004 1230 2058 dicit
1247 2003 1343 2059 Biblia
1365 2005 1541 2061 indistincte.

319 2086 472 2142 Secundus:
486 2086 557 2139 Deus
574 2102 713 2152 nunquam
730 2087 835 2141 creauit
851 2088 963 2156 angelos
979 2087 1038 2141 siue
1055 2089 1139 2141 bonos
1154 2086 1213 2142 siue
1228 2086 1327 2152 malos,
1340 2089 1479 2154 quoniam
1495 2088 1543 2144 boc

318 2166 416 2220 nullibi
435 2167 536 2234 legitur
552 2168 581 2220 in
597 2176 689 2221 nostra
706 2167 860 2236 Scriptura.
876 2169 932 2222 Nec
950 2173 989 2222 est
1006 2168 1146 2233 insermus,
1165 2177 1197 2223 ut
1214 2169 1303 2222 nostri
1319 2168 1465 2226 estimant.
1479 2171 1543 2225 Item

317 2255 377 2316 post
388 2246 458 2300 hanc
469 2247 553 2300 vitam
565 2246 640 2300 nulla
658 2249 709 2301 erit
727 2247 783 2301 vita
795 2248 977 2316 particularis,
997 2256 1028 2303 ut
1045 2254 1152 2304 mortuo
1172 2248 1293 2310 Socrate.
1311 2249 1439 2306 moritur
1455 2253 1543 2306 anime

318 2330 376 2384 eius
389 2329 460 2383 sicut
470 2347 533 2382 cum
545 2346 658 2396 corpore
669 2330 783 2397 incepit.
800 2332 866 2384 ltem
878 2331 1048 2386 doctissimus
1059 2331 1220 2386 Aristoteles
1230 2336 1256 2385 et
1268 2332 1331 2385 eius
1343 2339 1544 2388 commentator

317 2412 447 2466 Auerrois
463 2413 574 2466 fuerunt
591 2412 700 2466 veritati
718 2413 948 2480 propinquissimi.
970 2415 1036 2467 ltem
1054 2415 1178 2467 Christus
1193 2414 1247 2467 suit
1263 2414 1371 2468 stultus
1386 2423 1416 2469 et
1432 2415 1543 2482 simplex

239 2556 242 2568 ι
317 2496 476 2549 fantasticus
492 2500 519 2548 et
538 2495 664 2548 seductor
682 2495 847 2562 simplicium
870 2495 1020 2551 hominum.
1039 2497 1074 2550 Et
1097 2513 1147 2564 ego
1167 2496 1229 2550 dico
1252 2497 1329 2562 quod
1352 2496 1406 2552 ilio
1424 2499 1544 2554 Christus

317 2578 459 2632 damnauit
470 2576 629 2629 uniuersum
639 2579 770 2629 mundum
780 2589 807 2630 et
818 2578 953 2631 neminem
962 2578 1089 2631 saluauit.
1098 2576 1170 2639 Quot
1179 2581 1252 2630 enim
1261 2577 1398 2632 homines
1409 2580 1544 2634 interiecti

316 2667 380 2714 sunt
392 2664 502 2725 propter
512 2658 600 2724 ipsum
613 2661 638 2711 et
649 2675 728 2711 suum
743 2659 924 2726 Euangelium
941 2659 1058 2712 fatuum!
1075 2661 1141 2712 ltem
1158 2659 1230 2727 quod
1242 2659 1339 2712 omnia
1352 2676 1412 2726 quo
1424 2661 1544 2716 christus

317 2742 409 2811 gessit,
421 2741 540 2794 humano
550 2742 645 2808 generi
657 2747 684 2793 et
700 2741 800 2794 rationi
812 2747 885 2795 recte
901 2751 965 2795 sunt
981 2741 1130 2795 contraris.
1149 2743 1215 2795 ltem
1233 2740 1382 2795 Christum
1394 2744 1486 2798 filiurn
1496 2743 1544 2798 Dei

317 2822 570 2890 omnipotentissimi
590 2831 682 2890 aperte
699 2841 781 2891 nego.
803 2825 837 2877 Et
858 2824 952 2878 Mosen
975 2825 1064 2892 legem
1081 2841 1098 2877 a
1121 2824 1177 2878 Deo
1192 2823 1344 2877 visibiliter
1365 2832 1395 2879 et
1412 2827 1544 2880 nouiter

316 2905 462 2972 suscepisse
473 2922 580 2959 recuso·
596 2905 664 2959 Item
675 2906 739 2959 fides
750 2912 842 2959 nostra
853 2906 975 2959 sabulosa
986 2915 1034 2970 est,
1044 2912 1075 2959 ut
1092 2907 1188 2973 probst
1199 2911 1294 2959 nostra
1307 2908 1391 2964 fatua
1404 2909 1544 2978 Scriptura

315 2989 416 3042 atficta
436 2987 527 3040 Biblis
544 2995 570 3041 et
588 2988 770 3055 Euangelium
787 2989 912 3042 delirum.
931 2987 1000 3042 Item
1019 2988 1201 3056 Euangelium
1216 2994 1349 3043 nostrum
1375 2992 1480 3047 salsum
1496 3001 1542 3056 cst,

315 3070 444 3138 quoniam
454 3069 501 3136 qui
513 3070 601 3138 potuit
612 3087 704 3124 creare
713 3071 843 3123 mundum
855 3070 913 3125 sins
924 3070 1121 3134 incarnatione,
1135 3079 1161 3124 et
1172 3087 1235 3124 sum
1250 3075 1349 3138 potuit
1361 3075 1478 3130 saluam
1488 3075 1544 3130 nne

315 3153 514 3207 incarnatione.

349 3234 448 3287 Omnes
461 3233 526 3287 istos
543 3234 674 3287 articulos
694 3239 720 3286 et
739 3234 894 3287 consimiles
914 3235 1050 3288 consessus
1070 3239 1109 3287 est
1125 3224 1235 3300 proprio
1251 3251 1303 3288 ors
1321 3243 1352 3290 et
1369 3254 1443 3293 sana
1457 3244 1545 3293 monte

315 3331 408 3369 coram
417 3314 578 3381 inquisitore
589 3323 616 3367 et
634 3315 740 3367 notario
757 3326 784 3367 et
801 3315 923 3379 testibus,
941 3315 1064 3369 addens:
1086 3338 1098 3358 u
1120 3316 1177 3383 Ego
1195 3314 1376 3372 Christianus
1394 3326 1487 3388 natus,
1500 3323 1543 3376 sd

313 3397 370 3450 iam
378 3414 432 3451 non
443 3413 503 3450 sum
516 3396 694 3459 Christianus,
708 3395 840 3462 quoniam
852 3396 893 3449 illi
906 3397 1058 3450 stultissimi
1071 3402 1145 3450 sunt.
1162 3420 1174 3442 n

576 3495 722 3562 coctoque
739 3494 934 3560 hereticorum,
953 3495 1074 3551 Heretici
1090 3497 1124 3550 de
1142 3497 1223 3549 litera
1239 3496 1275 3551 H.
1296 3526 1330 3536 -
1352 3498 1407 3555 Uit
1430 3502 1544 3556 broedcr

605 3577 760 3630 Bernardus
787 3576 1000 3645 Lutzenburgus‘
1020 3595 1067 3631 noo
1084 3578 1237 3647 belangriJk
1255 3597 1292 3634 en
1309 3583 1423 3652 weinig
1440 3583 1543 3638 bekend

608 3660 755 3726 Catalepta
773 3658 958 3713 hereticorum
976 3663 1060 3726 (1526)
1076 3662 1148 3716 word
1167 3663 1200 3715 de
1216 3661 1333 3726 gehoele
1352 3667 1545 3733 geschiedenis

605 3759 657 3794 van
680 3742 732 3795 den
761 3741 852 3795 liciter
874 3742 995 3797 Hermen
1022 3761 1075 3798 van
1097 3743 1237 3811 Rijswijclr
1259 3734 1457 3814 overgsdrukt
1480 3750 1544 3801 door

607 3825 638 3878 G.
652 3826 804 3887 Pratcolus,
819 3826 858 3877 Dc
875 3828 949 3888 citis,
962 3830 1040 3878 ccctis
1058 3835 1082 3878 et
1099 3827 1274 3894 dopmotibus
1292 3834 1430 3882 omnium
1447 3829 1543 3883 bered-

605 3921 700 3958 concm
717 3904 834 3972 (Keulen
852 3909 936 3972 1569),
948 3907 997 3959 blz.
1017 3910 1065 3962 205
1076 3925 1110 3961 cn
1126 3910 1188 3973 206;
1210 3908 1542 3980 baronius—Spondemus,

605 3988 729 4039 Annales
759 3989 946 4052 ecclesiastici,
975 3989 1034 4041 decl
1062 3989 1096 4052 Il,
1125 3990 1175 4043 bin.
1204 3992 1267 4056 3013
1299 4008 1338 4045 en
1369 3995 1542 4063 turgentis,

607 4068 733 4122 Collectio
741 4069 928 4136 judiciorum,
941 4070 1001 4124 deel
1012 4071 1033 4135 I,
1046 4075 1074 4124 2ο
1083 4072 1155 4136 stuli,
1168 4072 1215 4125 blu.
1230 4075 1294 4124 342.
1309 4072 1356 4129 De
1365 4081 1439 4132 twec
1449 4078 1544 4131 laatstc

603 4151 741 4218 uitgevers
759 4152 881 4217 plaatsen
900 4152 947 4205 het
963 4154 1043 4219 geval
1060 4154 1118 4206 niet
1133 4154 1162 4207 in
1181 4157 1253 4217 1502,
1272 4171 1359 4210 maar
1375 4162 1408 4214 in
1428 4163 1502 4213 1499.
1516 4161 1556 4197 -’

605 4233 676 4285 Over
699 4233 819 4286 Hermen
843 4250 896 4286 van
920 4233 1072 4301 Rijswijck,
1093 4237 1133 4289 zie
1153 4236 1230 4301 Moli,
1255 4237 1542 4316 Kerkqascbiedcuis,

599 4315 657 4368 deel
671 4315 703 4378 ll,
718 4320 745 4367 3⁶
756 4315 829 4380 stul,
844 4315 894 4368 blz.
913 4319 969 4380 105,
984 4334 1016 4370 en
1033 4320 1130 4370 verder
1140 4335 1204 4372 onze
1215 4329 1256 4372 n¹¹
1274 4325 1327 4374 416
1339 4340 1377 4378 en
1390 4327 1450 4378 417.
1463 4326 1544 4378 -De

605 4396 769 4461 inquisiteur
776 4396 791 4450 J
794 4414 829 4450 an
840 4414 894 4450 van
904 4397 1047 4452 Ommaten
1056 4416 1111 4452 was
1122 4402 1197 4467 prior
1205 4417 1260 4454 van
1269 4402 1319 4456 het
1328 4408 1543 4470 predikheeren·

606 4479 726 4533 klooster
736 4497 789 4533 van
799 4479 914 4535 Utreoht
922 4482 953 4536 of
959 4498 1012 4536 sian
1020 4483 1116 4537 Zutfcn
1127 4486 1173 4538 ten
1181 4488 1242 4550 jare
1253 4487 1321 4542 1405
1330 4487 1387 4556 (zie
1399 4489 1545 4546 hierboran

604 4577 653 4615 ons
664 4575 693 4614 nr
704 4565 775 4629 304.)
