3194 5408
705 497 805 554 ΑΝΝΟ
825 500 900 555 1374
1366 501 1414 554 2³5

184 637 324 706 capitibus
341 635 515 706 applicabant
530 638 575 694 vel
592 653 608 694 e
623 636 749 694 manibus
769 639 916 695 videndum
936 639 1151 708 praesentabant,
1173 637 1311 708 aliquibus
1331 640 1414 697 etiam

183 736 258 788 aqua
268 719 415 775 benedicta
430 721 475 776 vel
491 721 641 778 exorcisata
658 723 775 779 bibenda
791 723 986 792 propinabatur
1001 725 1044 778 vel
1064 722 1159 779 inuitis
1177 723 1220 778 ori
1240 725 1409 780 obsessorum

182 803 342 868 sacerdotes
356 803 531 873 imponebant
540 805 675 861 dicentes:
689 806 754 871 Emi,
768 807 915 859 immunde
925 809 1043 876 spiritus
1063 811 1091 861 et
1110 823 1180 874 quae
1196 810 1363 873 sequuntur3
1384 807 1413 861 in

182 887 282 943 oribus
293 905 401 957 quoque
412 890 520 958 meato
531 889 603 958 quod
614 894 655 945 est
665 890 807 958 adaperire
818 890 1035 959 pronunciabant
1046 894 1074 944 et
1085 889 1115 943 in
1125 888 1223 943 faciem
1234 890 1413 946 exsufflabant

183 968 320 1025 virtutem
330 964 436 1025 inimici
447 974 507 1025 tum
518 970 663 1026 irridentes
673 977 732 1027 tum
744 977 912 1028 eneruantes.

216 1050 253 1106 In
263 1051 381 1107 ecclesia
392 1052 424 1106 Ι).
444 1053 638 1117 Bartholomei,
651 1054 685 1108 de
703 1072 757 1122 quo
773 1056 856 1123 paulo
876 1060 947 1118 ante,
961 1072 1024 1108 curn
1041 1053 1165 1107 sacerdos
1176 1055 1366 1122 accingeretur
1377 1056 1412 1110 ad

182 1133 407 1199 exorcisandum,
418 1133 489 1189 dixit
498 1135 614 1189 daemon
626 1153 675 1204 per
685 1155 716 1191 os
726 1137 838 1192 obsessi:
853 1160 865 1181 a
879 1140 920 1192 Ne
932 1155 976 1193 me
986 1137 1129 1201 exorcises,
1146 1155 1197 1206 ego
1209 1138 1326 1193 libenter
1336 1156 1412 1206 egre·

181 1215 258 1282 diar,
271 1218 338 1273 nolo
345 1216 461 1272 ulterius
471 1217 604 1286 torqueri.
617 1219 769 1287 -Loquar
779 1219 855 1287 prius
866 1219 916 1275 tibi
928 1220 1028 1287 (inquit
1038 1221 1187 1288 presbyter)
1196 1240 1203 1287 ς
1215 1237 1244 1274 es
1254 1225 1286 1274 tu
1298 1221 1386 1275 soluat
1399 1245 1412 1268 n

182 1297 342 1369 Respondit
352 1301 482 1356 daemon:
500 1321 513 1344 ι·
526 1300 587 1355 Duo
597 1318 714 1366 eramus,
727 1303 775 1356 sed
785 1301 875 1357 socius
889 1321 933 1357 me
945 1302 1060 1370 nequior
1071 1302 1127 1356 iarn
1137 1302 1233 1358 exiuit.
1247 1302 1312 1358 Sine
1323 1304 1413 1368 modo,

182 1383 296 1449 abeam,
318 1384 399 1439 nimis
414 1383 445 1438 in
464 1384 517 1438 hoc
536 1401 649 1452 corpore
669 1389 813 1453 torqueor;
833 1403 957 1454 egressus
975 1402 1116 1452 nunquam
1135 1385 1253 1440 alicuius
1270 1386 1412 1441 christiani

182 1480 290 1534 eorpus
299 1466 450 1537 ingrediar
462 1497 497 1508 -
508 1469 564 1523 Cur
581 1485 648 1538 ergo
666 1469 766 1537 (inquit
776 1471 909 1536 sacerdos)
927 1468 1104 1538 ingredimini
1124 1487 1239 1538 corpora
1258 1470 1415 1526 huiusmodi

181 1544 289 1602 vilium
311 1553 339 1604 et
359 1547 521 1604 miserarum
533 1550 725 1618 personarumt
736 1580 770 1590 —
781 1553 896 1605 Eramus
914 1551 1022 1620 (inquit)
1033 1556 1061 1606 et
1077 1552 1193 1606 divitum
1213 1556 1240 1606 et
1260 1552 1415 1622 principum

183 1645 308 1698 corpora
318 1630 469 1700 ingressuri
480 1637 508 1688 et
518 1649 568 1701 per
579 1633 629 1688 hos
645 1637 733 1689 totum
751 1636 855 1690 clerum
873 1635 974 1690 Leodm
992 1635 1141 1703 expulsuri,
1155 1634 1208 1689 nisi
1224 1637 1320 1692 vestris
1337 1634 1413 1693 exor-

185 1708 285 1766 cismis
295 1717 323 1769 et
332 1712 550 1770 adiuraticnibus
561 1732 610 1770 nos
621 1716 743 1786 migrare
754 1717 918 1786 coegisses.
932 1741 946 1764 n
960 1717 1034 1771 Haec
1051 1734 1068 1770 a
1085 1717 1292 1784 quamplurimis
1304 1721 1411 1788 presby·

175 1791 260 1855 teris
269 1794 361 1850 audita
371 1799 399 1851 et
408 1813 459 1865 per
469 1813 515 1852 eos
527 1796 604 1851 nobis
616 1801 728 1853 narrata
736 1799 855 1853 fuerunt.

225 1873 364 1938 Quaedam
375 1879 467 1946 puella
483 1879 586 1933 dudum
606 1880 713 1934 obsessa
731 1897 780 1948 per
800 1879 920 1935 diversos
935 1880 1086 1935 sacerdotes
1105 1881 1208 1934 frustra
1227 1881 1316 1936 fuerat
1335 1898 1412 1935 exor-

192 1952 295 2024 datm
307 1958 414 2015 undem
424 1959 630 2030 Aquisgranum
641 1961 723 2017 dueta
734 1978 783 2029 per
794 1962 960 2016 sacerdotem
972 1961 1082 2016 nomine
1093 1961 1238 2030 symonem
1259 1962 1311 2017 hoc
1332 1964 1412 2018 modo

195 2033 253 2094 suit
263 2045 359 2096 sanata
372 2041 504 2097 Sacerdos
515 2060 575 2097 eam
593 2043 656 2097 alba
673 2044 834 2098 sacerdotali
855 2043 947 2098 induit
963 2044 1084 2111 stolaque
1101 2043 1189 2098 cinxit
1204 2043 1272 2098 etin
1284 2063 1331 2098 vas
1342 2063 1414 2114 aqua

200 2119 344 2177 exorcisata
353 2124 464 2192 plenum
475 2123 510 2178 ad
521 2142 551 2179 os
564 2142 649 2193 usque
665 2124 768 2180 mersit.
783 2125 832 2179 His
851 2124 977 2192 peractis,
990 2125 1146 2179 coniurauit
1166 2127 1290 2179 sacerdos
1309 2126 1415 2181 daemo-

205 2211 269 2255 nem
283 2203 364 2260 dicere
380 2209 482 2274 quanto
498 2210 619 2274 ternpore
629 2207 748 2275 puellam
760 2207 933 2275 possedisset3
946 2206 1096 2275 respondit:
1112 2228 1124 2250 a
1138 2206 1290 2262 Biennio».
1304 2209 1411 2263 Rursus

210 2286 309 2338 macru
316 2286 403 2343 dicere
414 2287 526 2343 ubinam
537 2294 613 2353 esset,
627 2307 690 2344 curn
701 2290 751 2342 illa
761 2288 806 2343 die
817 2290 884 2344 festo
896 2290 1017 2344 Paschae
1028 2306 1133 2343 sacram
1144 2294 1263 2345 sumeret
1279 2289 1410 2345 hostiam:

214 2377 227 2399 ·
236 2359 287 2418 Sub
295 2366 319 2423 id
328 2373 430 2439 ternpus
441 2371 549 2440 (inquit)
557 2371 587 2426 in
596 2375 729 2426 extremos
738 2372 837 2440 pedum
845 2372 945 2442 digitos
954 2371 1088 2435 descendi,
1100 2372 1185 2426 donec
1196 2372 1298 2440 species
1309 2373 1414 2429 hostiae

143 2453 146 2521 ξ
218 2455 425 2531 ramerenco.
437 2477 450 2499 a
464 2453 614 2508 Adiuratus
625 2453 712 2523 igitur
723 2456 754 2508 ut
765 2470 827 2507 mox
844 2454 1029 2522 egrederetur,
1047 2456 1126 2520 petijt
1144 2453 1302 2509 facultatem
1323 2455 1414 2523 ingre-

143 2524 145 2529 ’
219 2517 294 2582 ‘henli
302 2537 415 2588 castrum
425 2533 548 2590 ricinum
559 2535 593 2590 de
602 2534 794 2590 Schoenrborst
802 2534 961 2603 promittens
969 2535 1098 2589 excubias
1108 2552 1137 2589 se
1147 2535 1209 2591 istic
1221 2541 1303 2592 noctu
1312 2537 1414 2606 diuque

222 2611 296 2665 ⁰⁰¹¹&
310 2616 425 2672 latrones
441 2622 469 2672 et
485 2617 670 2685 exploratores
689 2623 823 2672 acturum.
837 2617 961 2685 Rogatus
981 2635 1047 2670 num
1067 2616 1184 2672 buccina
1200 2618 1279 2674 scirit
1298 2636 1413 2674 canere:

222 2685 330 2756 '⁰ltirne
341 2724 364 2764 n,
383 2699 523 2769 respondit
535 2705 562 2756 et
572 2717 674 2769 magno
685 2699 776 2754 sonitu
789 2699 914 2754 omnibus
925 2699 971 2767 qui
983 2700 1109 2754 astabant
1128 2700 1301 2756 audientibus
1323 2702 1414 2757 bucci-

200 2771 284 2830 'mffl'b
298 2781 416 2838 Tandem
433 2801 496 2838 cum
519 2801 568 2838 neo
585 2784 726 2852 ingressus
749 2783 779 2837 in
800 2784 925 2838 Castrum
946 2800 996 2836 nec
1019 2782 1049 2836 in
1072 2784 1205 2837 Balneum
1230 2784 1330 2848 Caroli,
1343 2786 1417 2853 quod
1441 2817 1446 2831 a

217 2846 358 2930 briem
369 2870 418 2932 est,
431 2866 474 2921 illi
486 2866 698 2935 permitteretur,
712 2870 821 2921 coactus
837 2864 987 2920 exorcismo
1004 2865 1106 2933 egredi,
1120 2865 1196 2933 prius
1212 2865 1299 2922 eiecto
1316 2885 1365 2936 per
1386 2885 1416 2922 os

213 2933 301 2999 luelho
319 2947 398 3018 nigro
421 2950 547 3013 carbone,
560 2966 661 3017 magno
684 2965 747 3002 cum
770 2946 880 3001 fremitu
901 2950 928 3002 et
944 2946 1060 3001 stridore
1082 2948 1205 3002 abcessit.
1220 2948 1342 3017 Contigit
1361 2967 1415 3004 non

210 3014 278 3101 m'fflfO
288 3035 348 3097 post
356 3031 425 3085 duos
436 3031 546 3085 veltres
557 3031 586 3085 in
598 3031 673 3086 dicto
686 3030 777 3085 Caroli
790 3030 892 3083 Balneo
909 3028 1057 3097 submergi,
1071 3047 1138 3095 quos
1150 3029 1215 3097 quia
1226 3046 1243 3083 a
1254 3030 1415 3097 quibusdam

207 3099 373 3167 mellarium
396 3111 450 3166 fuit
471 3113 505 3166 ab
527 3113 580 3167 hoc
597 3113 727 3167 daemone
750 3111 892 3165 suffocatos
915 3109 1006 3173 fuisse,
1032 3110 1166 3164 Balneum
1185 3112 1220 3164 ab
1243 3129 1275 3165 co
1295 3116 1415 3181 ternpore

203 3179 319 3246 ⁰m¹fibus
334 3193 363 3248 in
382 3193 547 3248 hodiernum
568 3213 653 3262 usque
675 3195 747 3249 diam
768 3194 890 3246 clausurn
913 3190 975 3246 fuit.
994 3193 1088 3259 Nuper
1110 3210 1173 3246 cum
1195 3193 1268 3247 idem
1291 3196 1416 3249 sacerdos

143 3270 145 3305 ³
201 3247 351 3348 dae{nonem
361 3293 394 3330 ex
405 3275 547 3331 cuiusdam
557 3293 671 3344 corpore
682 3274 806 3343 nequiret
815 3275 924 3342 pellere,
934 3272 1091 3327 exorcismis
1101 3273 1237 3329 orationes
1246 3278 1273 3328 et
1281 3274 1415 3330 ieiunium

198 3332 320 3412 ⁸dh¹buit
330 3362 357 3412 et
367 3358 459 3413 statim
471 3357 549 3412 illum
562 3357 730 3427 profligauit,
743 3357 809 3426 quia
820 3355 950 3410 nimirum
962 3357 1021 3409 erat
1038 3355 1071 3408 de
1088 3372 1189 3422 genere
1209 3355 1415 3411 daemoniorum

143 3450 148 3459 '
197 3411 291 3515 &quo
304 3440 372 3497 dixit
384 3441 507 3497 Chistus:
521 3441 581 3496 Hoc
589 3457 678 3512 cenas
691 3441 905 3494 daemoniorum
916 3455 974 3492 non
992 3438 1100 3506 eijcitur
1118 3441 1176 3490 nisi
1194 3441 1224 3490 in
1243 3442 1369 3493 oratione
1389 3448 1416 3494 et

198 3511 310 3578 munio·

222 3582 270 3683 5:¹⁸
284 3607 401 3675 alijsque
411 3605 502 3662 eiusce
512 3606 619 3676 generis
631 3606 820 3661 ecclesiasticis
838 3607 963 3674 remedijs
980 3611 1053 3662 secta
1063 3607 1140 3669 haec,
1152 3620 1222 3673 quae
1233 3602 1319 3671 spatio
1331 3604 1414 3658 unius

143 3728 146 3766 ι
198 3680 251 3726 ml
271 3688 425 3751 plurimum
436 3691 599 3754 incaluerat,
614 3689 745 3757 paulatim
757 3689 883 3743 imminui
903 3687 1189 3757 coepit3etqua1nuis
1208 3691 1328 3754 pertres
1349 3706 1413 3754 qua·

143 3774 145 3841 !
201 3753 290 3821 m⁰¹¹¹0
307 3791 391 3829 annos
402 3775 515 3830 subinde
526 3772 637 3842 quidum
649 3772 804 3827 huiusmodi
816 3774 977 3827 daemonum
989 3772 1115 3838 ludibriis
1127 3770 1220 3824 vexari
1232 3770 1412 3837 deprehende-

143 3846 146 3886 Ξ
202 3844 299 3916 rernm,
312 3859 402 3913 tamen
419 3857 589 3911 sacerdotum
608 3855 734 3923 precibus
755 3859 783 3910 ct
801 3854 958 3910 exorcismis
978 3854 1107 3923 periacile
1127 3852 1315 3920 eijciebantur,
1328 3868 1414 3905 sacer·

143 3935 145 3938 ’
205 3919 289 3985 ‘hilm
306 3942 331 3993 et
346 3939 413 3994 cleri
431 3938 586 3994 Leodiensis
605 3939 687 4007 longe
703 3939 810 4006 lateque
827 3941 976 4006 propagato
997 3939 1066 3991 bono
1086 3938 1178 3991 odore.
1192 3934 1270 3989 Absit
1288 3938 1379 3988 tamen
1398 3951 1415 3986 a

208 4007 287 4079 1¹⁰hi⁸i
307 4023 350 4090 qui
373 4024 409 4078 ad
432 4024 545 4077 solidam
568 4023 676 4077 futurae
698 4022 770 4076 vitae
792 4021 908 4089 gloriam
932 4021 1091 4088 aspiramus,
1117 4039 1151 4074 nc
1174 4018 1251 4073 vanis
1274 4019 1416 4072 hominum

214 4099 337 4164 popum
355 4105 483 4160 laudibus
504 4104 569 4160 elati
590 4104 785 4160 obliuiscamur
804 4103 879 4156 illius
902 4103 1021 4157 Christi:
1035 4105 1123 4157 Amen
1143 4103 1204 4155 dico
1227 4101 1313 4164 vobis,
1334 4100 1417 4151 multi

217 4176 292 4232 ditent
303 4185 479 4240 milianica
496 4185 556 4237 die:
569 4205 581 4226 u
595 4185 723 4246 Domine,
737 4198 828 4234 rsonae
840 4186 871 4233 in
883 4185 995 4234 nomine
1012 4190 1058 4233 tuo
1076 4181 1226 4233 daemonia
1240 4182 1371 4231 eiecimus
1392 4185 1416 4228 et

215 4265 312 4321 cirtae
322 4270 424 4323 multos
440 4269 575 4336 fecimus?
589 4290 600 4311 n
618 4265 717 4335 quibus
735 4264 784 4317 illc
798 4262 1016 4332 respondebas«
1032 4263 1200 4316 Discedttea
1217 4277 1271 4326 me,
1292 4259 1416 4328 operam'j

216 4349 364 4419 iniquitatis,
378 4354 446 4422 quia
457 4352 549 4402 nescio
559 4363 613 4401 oos.
628 4374 642 4403 n

454 4445 601 4516 Redulpbi
628 4446 662 4498 de
690 4448 770 4509 Bito,
805 4447 904 4500 decani
937 4447 1113 4514 Tonqrensis,
1141 4452 1220 4510 qesta
1250 4441 1415 4512 pontificum

486 4531 685 4585 Leodiensium
705 4531 739 4584 ab
759 4548 831 4585 anno
843 4529 924 4585 tertio
936 4528 1094 4597 Engelberti
1115 4527 1257 4581 aMarclra
1274 4542 1359 4591 usque
1379 4525 1415 4580 ad

485 4611 617 4669 loannem
628 4630 645 4669 a
656 4613 785 4678 Bouaria,
799 4615 835 4681 bij
849 4613 1029 4683 chapeaville,
1043 4612 1102 4667 dael
1113 4611 1161 4675 ΙΙΙ,
1178 4611 1225 4665 bla.
1240 4613 1321 4666 1922.
