3194 5408
639 506 835 562 ANN01418
1301 507 1350 561 285

120 620 227 699 suess
243 645 412 716 pumma,
425 651 452 702 a
469 651 547 716 pater
561 648 766 717 manipulas>
778 649 845 713 nno,
864 646 1049 716 instigando,
1069 645 1120 700 aa
1136 645 1284 710 emendo,
1302 646 1349 699 aas

125 719 207 793 {mbo
219 729 368 798 diligendo.
382 729 412 783 Si
424 736 515 786 autem
529 731 673 800 negligant
684 737 711 786 et
723 748 768 785 eos
778 732 869 798 perire
882 731 1050 798 permittant,
1067 728 1158 795 inquit
1169 728 1350 796 Augustinus,

128 798 182 854 ΨΒ
191 812 369 866 mansuetudo
380 811 471 879 potius
482 812 550 866 falsa
561 812 709 867 crudelitas
718 818 767 867 est.
781 812 902 866 Proinde
913 812 1031 880 synodus
1040 811 1171 878 praelata,
1182 810 1216 863 ad
1227 809 1351 877 omnipo·

133 871 272 948 tilltisliei
290 893 409 962 gloriam
430 894 568 962 ipsiusque
590 896 742 951 catholicae
760 896 823 950 fidei
841 913 873 949 ac
897 895 1068 949 Christianae
1086 893 1228 962 religionis
1244 911 1352 948 conser-

49 958 55 976 ’
137 961 272 1041 lationem,
308 983 487 1045 augmentum
520 983 547 1031 et
574 978 728 1032 animarum
756 979 871 1032 salutern
899 982 927 1031 et
952 975 1210 1045 praeservationem,
1242 977 1348 1029 eosdem

142 1029 261 1112 Jibnnem
276 1059 394 1115 Wiclaif
402 1065 430 1114 et
445 1059 580 1114 Joannem
598 1059 670 1114 Husz
686 1066 714 1114 et
730 1060 922 1126 Hieronymus,
941 1059 989 1125 qui
1007 1059 1080 1113 inter
1098 1063 1206 1112 caetera
1222 1058 1257 1112 de
1273 1074 1352 1111 sacro

145 1110 317 1197 Eucharistiae
333 1149 504 1196 sacramento
527 1148 554 1196 et
575 1142 639 1196 aliis
655 1141 832 1197 sacramentis
849 1141 978 1196 ecclesiae
1001 1147 1028 1195 et
1049 1140 1173 1195 articulis
1190 1140 1253 1194 fidei
1272 1140 1353 1194 aliter

148 1211 217 1295 ibam
230 1228 319 1278 sancta
335 1222 461 1278 Rosam
478 1223 593 1278 ecclesia
616 1226 703 1279 credit
725 1237 751 1281 at
768 1229 843 1279 tenet
859 1230 887 1279 et
904 1224 1045 1292 praedicat
1062 1229 1090 1278 et
1106 1225 1193 1289 docet,
1212 1222 1353 1290 quamplu-

147 1292 308 1361 Qatemere
319 1311 347 1361 et
364 1305 559 1360 damnabiliter
577 1309 688 1362 credere
709 1325 742 1362 ac
758 1313 861 1372 tenere,
880 1306 1039 1375 praedicere
1056 1313 1138 1373 atque
1153 1307 1251 1360 docere
1269 1306 1353 1374 perti·

144 1375 238 1462 1¹{citer
253 1389 430 1450 attentabant,
444 1387 521 1442 velut
535 1388 687 1443 haereticos
704 1394 731 1444 et
747 1390 901 1459 pertinaces
918 1406 950 1441 ac
967 1389 1116 1442 obstinatos
1128 1393 1216 1455 jama
1233 1405 1354 1441 commu·

141 1457 344 1523 monefidelium
355 1474 494 1536 separatos
505 1470 630 1524 dedomo
647 1470 698 1525 Dei
716 1471 898 1539 corporaliter
913 1470 994 1537 eiecit
1012 1476 1038 1523 et
1055 1470 1236 1538 spiritualiter
1255 1475 1355 1537 ejectos

134 1528 278 1604 declaravit
289 1557 317 1605 et
327 1551 383 1605 alia
393 1552 528 1606 nonnulla
540 1552 614 1606 circa
626 1552 774 1620 praemissa
785 1553 866 1606 utilia
883 1557 910 1605 et
925 1552 1047 1605 salubria
1064 1552 1163 1606 statuit
1180 1558 1207 1606 et
1223 1550 1353 1613 decrerit¹

123 1621 176 1676 Ρθῑ
187 1643 259 1694 quae
269 1633 326 1697 alii,
339 1635 387 1701 qui
399 1635 574 1689 causantibus
585 1634 785 1689 haeresiarchis
797 1651 946 1700 eorumque
957 1633 1031 1687 falsis
1048 1632 1181 1688 doctrinis
1196 1632 1354 1701 hujusmodi

112 1702 351 1824 :Didtualiterde
361 1716 442 1770 domo
453 1715 504 1770 Dei
521 1717 656 1780 exierunt,
674 1732 723 1784 per
741 1717 799 1770 vias
815 1718 961 1771 canonicas
977 1717 1174 1772 reducerentur
1192 1715 1227 1768 ed
1243 1717 1354 1771 semitas

127 1784 265 1851 oritana

134 1864 185 1956 ,El
211 1881 282 1947 quia
303 1879 376 1935 aaut
398 1881 521 1935 dolenter
540 1880 702 1949 accepimus,
727 1899 782 1936 non
799 1883 887 1937 solum
904 1882 934 1936 in
955 1898 1041 1951 regno
1064 1881 1212 1935 Bohemiae
1233 1887 1260 1935 et
1282 1898 1353 1936 mar·

98 1939 274 2018 cll¹011atus
285 1964 415 2019 dominiis
431 1971 458 2019 et
475 1965 541 2019 locis
556 1966 728 2033 supradictis,
743 1982 839 2019 verum
858 1965 941 2020 etiam
959 1966 989 2019 in
1006 1964 1167 2032 quibusdam
1184 1964 1308 2030 partibus
1329 1971 1356 2019 et

91 2030 280 2112 RPOVinciis
291 2046 430 2115 contiguis
442 2064 493 2101 seu
506 2047 604 2101 vicinis
616 2048 726 2113 eisdem,
740 2048 824 2102 etiam
836 2049 961 2103 nonnulli
974 2065 1007 2102 ex
1023 2046 1202 2101 sectatoribus
1220 2051 1247 2099 et
1262 2063 1355 2112 sequa·

88 2105 194 2172 ⁰¹b¹¹⁸
228 2129 370 2184 haeresum
387 2147 419 2183 ac
440 2146 568 2184 errorum
590 2128 848 2185 haeresiarcharum
864 2130 1075 2200 praedictorum,
1096 2127 1194 2182 timore
1216 2128 1309 2182 divino
1327 2135 1354 2184 et

81 2191 238 2272 deOre
247 2210 368 2266 humano
379 2228 489 2279 prorsus
501 2213 623 2280 abjectis,
634 2229 685 2267 nec
697 2212 731 2267 de
748 2213 869 2280 ipsorum
887 2219 915 2266 et
932 2212 1092 2280 praesertim
1109 2211 1223 2266 Joannis
1240 2212 1312 2267 Husn
1329 2219 1357 2268 et
1435 2256 1437 2261 ,

76 2254 291 2360 HI‘³¹'011ymi
308 2291 424 2348 interitu
439 2294 589 2348 miserabili
607 2303 748 2350 sumentes
771 2295 957 2350 conversionis
975 2300 1001 2349 et
1018 2293 1202 2362 poenitentiae
1225 2294 1355 2360 fructum,

71 2345 120 2399 m
153 2363 331 2441 ¹“amquam
353 2375 384 2428 in
403 2376 568 2442 profundum
585 2377 670 2444 pressi
690 2382 865 2444 peccatorum
883 2377 1031 2431 Dominum
1056 2376 1143 2429 Deum
1167 2375 1358 2443 blasphemare

63 2433 135 2555 ἔθη
158 2458 308 2521 cessent,
321 2455 450 2512 ducentes
460 2457 490 2511 in
503 2458 616 2512 irritum
628 2475 729 2513 nornen
742 2465 810 2526 ejus,
823 2476 940 2526 quorum
959 2464 1065 2513 mentes
1077 2465 1155 2526 pater
1165 2461 1301 2520 mendacii
1318 2462 1358 2515 sic

75 2520 321 2594 auulabiliter
343 2541 507 2604 excaecavit,
525 2544 556 2594 nt
573 2541 726 2609 praedictos
743 2541 838 2606 libros,
857 2542 965 2596 codices
983 2547 1010 2595 et
1033 2543 1165 2608 opuscula
1186 2543 1311 2598 haereses
1333 2551 1361 2598 et

59 2598 235 2674 stores
246 2620 416 2676 continentes
427 2638 474 2675 seu
485 2621 667 2686 continentia,
687 2622 791 2677 dudum
808 2621 891 2677 etiam
908 2640 956 2690 per
973 2624 1106 2692 synodum
1123 2626 1276 2692 praelatum
1287 2627 1360 2681 dam·

57 2681 91 2719 Μ
229 2709 256 2758 et
277 2706 407 2759 damnata
427 2720 459 2757 ac
481 2704 594 2772 ignibus
620 2705 822 2759 concremanda
847 2706 975 2772 deputata
1000 2711 1027 2760 et
1051 2713 1224 2761 concremata
1251 2707 1357 2777 legunt,

56 2752 240 2841 Studeut
250 2804 283 2841 ac
294 2786 334 2841 eis
350 2786 381 2840 in
393 2785 436 2839 sui
448 2791 476 2839 et
492 2785 642 2840 multorum
659 2788 827 2855 simplicium
844 2788 1008 2856 periculum,
1021 2790 1121 2844 nedum
1132 2795 1230 2843 contra
1245 2795 1357 2856 statuta,

58 2845 242 2967 scruta
257 2876 284 2923 et
301 2868 429 2923 ordinata
445 2868 475 2922 in
486 2869 587 2936 synodo
599 2869 766 2937 supradicta,
778 2871 825 2924 sed
838 2869 920 2924 etiam
932 2878 1028 2924 contra
1045 2872 1191 2926 canonicas
1208 2873 1362 2929 sanctiones

69 2927 314 3006 ‚⁰31natizare
335 2957 514 3019 praesumunt
533 2952 563 3005 in
583 2952 738 3007 animarum
761 2954 916 3021 periculum
936 2970 968 3007 ac
990 2954 1118 3021 puritatis
1143 2954 1207 3008 fidei
1233 2954 1359 3024 denigra·
1426 3019 1429 3024 Δ

59 3002 233 3088 ῃῦιὶ81]]
244 3040 270 3088 et
281 3034 442 3088 scandalum
454 3034 646 3101 plurimorum.

101 3080 220 3167 Nos
241 3109 331 3185 igitur'
352 3116 530 3177 attendentes,
552 3118 625 3183 quod
649 3133 735 3181 orror,
748 3118 805 3186 ,oui
822 3134 879 3172 non
901 3115 1047 3183 resistitur,
1070 3119 1216 3186 approbari
1239 3119 1359 3186 videtur,

70 3174 111 3220 ω
147 3195 260 3252 malis
279 3205 307 3252 et
327 3198 488 3266 perniciosis
505 3198 645 3252 erroribus
665 3198 822 3266 hujusmodi
841 3199 967 3253 resistere
985 3216 1017 3252 ac
1034 3217 1080 3254 eos
1097 3202 1130 3254 de
1148 3202 1237 3256 medio
1258 3201 1361 3256 Christi

78 3247 254 3339 mfllium
285 3286 313 3335 et
340 3281 500 3348 praesertim
524 3283 557 3335 de
585 3281 749 3349 supradictis
777 3281 926 3336 Bohemiae
954 3288 980 3336 et
1008 3281 1148 3338 Moraviae
1177 3284 1306 3338 dominiis
1335 3291 1362 3338 et

90 3328 303 3417 hstvictibus
322 3381 355 3417 ac
375 3365 528 3418 confinibus
546 3369 572 3417 et
592 3364 702 3418 viciniis
719 3380 822 3429 eorum,
836 3382 870 3419 ne
887 3364 1005 3432 amplius
1016 3371 1043 3418 et
1059 3365 1142 3419 latius
1158 3385 1187 3420 se
1203 3368 1359 3429 extendent,

100 3412 257 3500 bunditus
274 3448 390 3501 evellere
405 3448 554 3514 cupientes,
573 3445 732 3500 discretioni
749 3453 863 3510 vestrae,
877 3464 954 3500 sacro
972 3449 1141 3514 approbante
1158 3452 1275 3505 concilio
1295 3452 1362 3508 Con·

115 3515 287 3595 ffibantiensi,
319 3546 368 3597 per
397 3529 546 3596 apostolica
571 3529 674 3595 scripta
699 3530 896 3583 committimus
918 3534 945 3583 et
966 3530 1138 3597 mandamus,
1162 3540 1295 3601 quatenus
1316 3553 1364 3590 vos

128 3605 334 3681 archiepiscopi
356 3618 383 3666 et
395 3612 513 3679 episcopi
526 3629 558 3664 ac
572 3611 651 3665 electi
665 3616 692 3665 et
702 3611 819 3677 quilibet
831 3618 961 3677 restrum,
975 3629 1023 3680 per
1035 3631 1063 3667 se
1075 3633 1122 3668 seu
1135 3615 1219 3669 aliurn
1231 3617 1274 3669 vel
1284 3617 1361 3682 alios,

136 3693 205 3748 quos
219 3710 317 3762 graves
335 3699 362 3746 et
378 3693 491 3746 idoneas
509 3710 637 3760 personas
654 3691 827 3760 spiritualem
841 3694 1062 3761 jurisdictionem
1079 3695 1209 3752 habentes
1221 3716 1277 3752 esse
1288 3701 1364 3754 volu·

147 3781 208 3839 mus,
226 3792 320 3830 omnes
339 3781 367 3828 et
389 3775 512 3843 singulos
533 3782 733 3842 cujuscumque
751 3775 895 3844 dignitatis
916 3776 1009 3838 officii,
1031 3777 1263 3845 praeeminentiae,
1280 3785 1367 3834 status

145 3859 185 3912 vel
200 3860 364 3915 conditionis
380 3859 498 3912 existant
510 3863 537 3912 et
554 3859 772 3924 quibuscumque
789 3860 945 3914 nominibus
956 3868 1128 3924 censeantur,
1141 3861 1188 3928 qui
1205 3863 1238 3916 de
1255 3880 1365 3930 praeex-

147 3941 218 4009 celso,
230 3942 372 3997 salutifero
384 3947 411 3996 et
432 3940 635 4008 supermirabili
659 3949 829 3995 sacramento
846 3943 969 4008 corporis
986 3948 1012 3994 et
1030 3945 1172 4010 sanguinis
1191 3945 1226 3998 D.
1247 3944 1281 3999 N.
1299 3945 1365 4000 Jesu

147 4025 249 4090 Christi,
262 4026 307 4079 vel
320 4026 354 4079 de
366 4023 527 4091 baptismate
546 4042 593 4078 seu
612 4029 786 4090 peccatorum
800 4024 975 4088 consessione,
989 4025 1174 4091 poenitentiae
1185 4045 1234 4095 pro
1246 4031 1365 4094 peccatis

143 4110 310 4175 injunctione
329 4109 372 4162 vel
384 4106 496 4173 reliquis
508 4105 699 4160 ecclesiasticis
711 4105 888 4158 sacramentis
899 4125 945 4160 seu
958 4106 1022 4161 fidei
1036 4107 1161 4161 articulis
1172 4111 1252 4164 aliter
1264 4110 1365 4163 sentire

140 4198 186 4246 aut
197 4191 294 4244 docere
314 4206 397 4256 quam
414 4196 587 4243 sacrosancta
602 4189 727 4243 Romana
748 4188 863 4242 ecclesia
877 4195 903 4241 et
914 4189 1078 4245 universalis
1088 4192 1176 4256 docet,
1189 4192 1328 4259 praedicat
1340 4197 1368 4245 et
1435 4207 1439 4215 '

138 4273 273 4336 observat,
294 4276 342 4323 aut
362 4271 493 4324 articulos
514 4288 559 4324 seu
584 4271 668 4323 libros
691 4275 718 4323 et
740 4270 878 4323 doctrinas
900 4271 1087 4337 praefatorum
1111 4273 1365 4327 haeresiarcharum

136 4356 251 4412 ,loannis
273 4350 390 4407 Wicleif
404 4359 430 4406 et
447 4352 562 4406 ioannis
580 4352 651 4405 Husz
671 4356 697 4404 et
720 4350 890 4417 Hieronymi,
909 4369 957 4419 per
984 4354 1106 4407 eamdem
1130 4355 1365 4409 constantiensem

134 4436 271 4505 synodum
289 4452 352 4488 cum
372 4434 428 4488 suis
444 4434 611 4497 auctoribus,
630 4439 661 4487 ut
678 4432 856 4500 praedicitur,
875 4434 1017 4490 damnatos
1039 4442 1066 4490 et
1092 4438 1234 4492 damnatas
1259 4443 1361 4503 tenere,

134 4519 248 4576 credere
268 4523 296 4573 et
311 4517 505 4588 dogmatizare,
523 4534 555 4571 ac
571 4520 644 4572 ritae
667 4516 749 4572 finem
771 4516 893 4585 ipsorum
909 4517 1163 4576 haeresiarcharum
1185 4521 1294 4591 publice
1315 4522 1359 4577 vel
