3188 5408
592 519 692 573 ANNO
712 521 788 572 1273
1257 520 1305 572 137

91 651 143 718 quin
167 656 252 712 immo
272 675 306 713 ne
325 658 489 726 procedatur
508 675 557 726 per
574 658 644 721 illas,
662 656 813 712 districtius
830 657 985 712 inhibemus
1006 675 1055 711 nec
1073 661 1214 725 praetextu
1231 673 1303 709 com-

94 731 217 794 missionis
232 741 386 809 specialiter
402 740 503 794 aisdem
519 739 686 795 dioecesanis
702 756 784 807 super
806 740 858 793 hoc
881 740 967 793 sactae
990 745 1093 794 vestros
1112 755 1252 807 processus
1274 738 1303 791 in

95 811 301 876 ffioeoesanorum
319 822 475 877 civitatibus
486 827 513 877 et
528 822 697 876 dioecesibus
715 822 840 875 volumus
857 820 992 888 impediri.
1008 824 1064 875 Nec
1087 838 1137 888 per
1158 821 1211 874 hoc
1231 822 1303 888 qnod
1370 810 1381 823 ⁸

95 893 145 948 fidei
172 905 304 972 negotium
327 904 492 973 generaliter
519 905 548 957 in
575 905 633 972 ipso
661 921 746 970 regno
775 903 851 956 vobis
875 903 1077 965 committimus,
1099 900 1301 955 commissiones

10 976 12 1029 i
94 986 228 1041 armeta
238 988 300 1040 sede
311 986 477 1040 dioecesanis
488 987 589 1039 eisdem
601 988 694 1047 iactas,
707 986 729 1038 si
752 987 843 1038 forsan
864 985 974 1038 illarum
992 1003 1039 1038 scu
1060 985 1142 1038 etiam
1163 983 1302 1037 ordinaria

10 1104 15 1127 Ι
93 1057 174 1120 velint
187 1069 342 1123 auctoritate
359 1069 512 1135 procedere,
526 1069 691 1122 intendimus
708 1085 845 1121 revocare.
860 1068 1055 1120 Verumtamen
1073 1067 1130 1120 sive
1141 1065 1303 1120 auctoritate

10 1136 18 1197 l
89 1139 219 1204 ordinaria
235 1151 291 1204 sive
308 1168 341 1205 ex
360 1152 531 1218 delegatione
553 1151 706 1217 praedictae
726 1150 796 1203 sedis
816 1150 899 1203 iidem
916 1148 1068 1203 dioecesani
1093 1149 1121 1201 in
1145 1148 1302 1217 hujusmodi

87 1233 194 1289 negoti,
209 1231 395 1300 processerint,
410 1250 579 1300 nequaquam
603 1231 728 1285 volumus
741 1233 791 1285 rel
815 1248 863 1299 per
885 1249 1048 1285 concursum
1067 1247 1241 1298 processuum
1262 1230 1306 1283 vel
1347 1256 1353 1263 ·

106 1302 110 1310 ¹
175 1316 369 1383 quomodolibet
390 1319 492 1369 vestros
511 1315 636 1382 impediri
660 1332 808 1382 processus,
830 1314 904 1381 quin,
934 1314 1156 1367 dioecesanorum
1182 1313 1303 1379 ipsorum

79 1397 248 1451 heresibus
266 1414 320 1450 non
340 1397 518 1459 obstantibus,
532 1396 560 1449 in
581 1398 674 1449 eodem
686 1396 796 1463 negotio
807 1397 954 1463 procedere
965 1395 1051 1449 libere
1063 1395 1183 1449 valeatis¹
1198 1394 1227 1447 Si
1239 1410 1304 1445 vero

75 1466 211 1538 aliquia
222 1478 376 1546 praedietis,
393 1478 530 1531 haeretica
551 1479 611 1531 labe
628 1477 735 1544 penitus
752 1480 886 1546 abjurata,
906 1477 995 1531 redire
1012 1478 1151 1532 voluerint
1166 1478 1201 1531 ad
1220 1475 1304 1529 eccle·

71 1548 216 1615 rusticam
235 1561 377 1623 unitatem,
390 1561 430 1614 eis
440 1563 521 1627 juxta
538 1562 653 1613 sormam
672 1559 802 1613 cereresiae
821 1560 1000 1613 absolutionis
1021 1560 1183 1614 beneficium
1203 1560 1305 1626 impen-

68 1630 195 1698 datiset
214 1643 365 1712 injungatis
384 1643 485 1697 eisdem
508 1644 580 1709 qrmd
601 1643 710 1709 injungi
728 1642 829 1696 talibus
847 1642 996 1705 consucvit,
1010 1642 1118 1708 proviso
1134 1643 1256 1703 solerter,
1272 1659 1306 1695 ne

65 1713 208 1780 amunta
219 1725 393 1779 conversione
405 1726 516 1778 redeant
528 1726 716 1777 fraudulenter
727 1729 754 1778 et
765 1742 821 1787 νος,
841 1724 925 1777 immo
943 1723 1032 1791 potius
1048 1742 1077 1776 se
1092 1724 1164 1791 ipsos
1181 1724 1305 1778 fallentes

63 1797 118 1852 Sub
159 1808 219 1875 agni
236 1807 326 1874 specie
342 1811 440 1875 gerant
460 1807 564 1873 lupum.
579 1807 657 1869 Quod
680 1806 702 1857 si
722 1805 808 1871 aliqui
829 1805 931 1859 suerint
946 1805 1089 1872 judicandi
1110 1805 1239 1859 haeretici
1264 1805 1307 1859 vel

61 1878 303 1943 ineamentionis
314 1905 401 1955 poena
418 1893 563 1955 perpetuae
574 1887 661 1954 aliqui
673 1905 722 1954 pro
737 1887 893 1955 hujusmodi
912 1886 1027 1940 crimine
1043 1886 1126 1940 suerit
1145 1885 1304 1954 infligenda,

60 1966 88 2018 all
128 1971 167 2026 id
188 1989 235 2040 per
254 1990 301 2027 ros
320 1973 354 2026 de
370 1972 592 2025 dioecesanorum
610 1972 653 2024 vel
673 1971 838 2024 vicariorum
859 1988 981 2033 suorum,
1003 1971 1035 2033 si,
1059 1970 1124 2037 ipsis
1141 1970 1307 2024 dioecesanis

60 2049 245 2119 absentibus,
257 2060 411 2122 praesentes
431 2054 542 2116 suerint,
555 2053 669 2106 consilio
690 2055 853 2120 procedatur
864 2059 896 2107 at
915 2053 945 2107 in
956 2058 1048 2108 tantae
1064 2052 1306 2106 animadversionis

57 2134 185 2202 judicio
203 2155 256 2191 non
276 2138 461 2205 postponenda
472 2137 632 2204 pont-ilicum
649 2136 797 2190 auctoritas
820 2136 979 2192 intercedat.
991 2137 1094 2192 Verum
1114 2135 1180 2202 quia
1199 2135 1228 2189 in
1249 2141 1305 2189 tam

61 2217 164 2282 pavi
174 2216 286 2271 crimine
297 2235 360 2271 cum
372 2218 458 2271 multa
469 2221 575 2285 oportet
586 2217 692 2270 cautela
704 2216 822 2284 procedi,
836 2216 908 2270 utin
927 2233 987 2270 reos
999 2216 1057 2271 sine
1077 2219 1134 2272 ullo
1151 2219 1306 2285 proseratur

62 2313 177 2354 effora
186 2301 269 2354 durae
286 2317 319 2353 ac
338 2299 437 2368 dignae
448 2300 577 2353 severitas
589 2298 709 2362 ultionis,
723 2299 849 2352 volumus
859 2302 887 2352 et
898 2300 1067 2362 mandamus,
1080 2305 1113 2354 ut
1128 2318 1175 2353 vos
1191 2301 1235 2354 vel
1252 2300 1304 2365 illi,

64 2399 155 2449 quos
171 2384 202 2436 ad
218 2383 271 2437 hoc
286 2383 420 2437 durantis
431 2383 606 2449 deputandos,
626 2380 655 2435 in
670 2381 871 2434 examinatione
890 2380 1008 2445 testium,
1031 2400 1098 2449 quos
1120 2382 1204 2449 recipi
1224 2399 1306 2450 super

68 2462 198 2518 uimine
208 2463 346 2532 praedicto
355 2463 496 2531 ipsumque
505 2462 726 2531 contingentibus
738 2462 897 2529 oportuerit,
911 2463 1063 2518 adhibeatis
1080 2465 1147 2517 duas
1164 2464 1306 2533 religiosas

70 2551 92 2599 at
118 2544 254 2601 discretas
265 2557 401 2613 personas,
415 2545 444 2598 in
456 2562 572 2612 quarum
596 2544 748 2612 praesentia
771 2561 820 2611 per
842 2543 988 2610 publicam,
1002 2546 1024 2597 si
1046 2547 1186 2600 commode
1206 2546 1306 2614 poterit

72 2627 188 2691 haberi,
200 2645 342 2697 personam
353 2631 401 2681 aut
421 2644 469 2694 per
486 2627 552 2680 duos
569 2628 641 2680 viros
654 2627 764 2680 idoneos
776 2627 892 2679 fideliter
908 2629 1056 2681 eorundem
1073 2630 1182 2685 testium
1199 2629 1304 2697 deposi-

77 2707 175 2760 tone
183 2710 394 2764 conscribantur.
408 2711 451 2764 Ad
473 2710 680 2763 conscribendas
697 2726 803 2775 quoque
824 2708 979 2777 hujusmodi
995 2711 1176 2777 depositiones
1194 2712 1303 2766 testium

10 2850 12 2855 ,
82 2793 105 2842 at
128 2789 168 2842 ad
181 2793 332 2847 faciendum
343 2791 444 2855 omnia,
454 2808 523 2859 quae
535 2793 563 2844 in
583 2791 725 2845 commisso
748 2790 824 2844 vobis
844 2791 933 2845 officio
953 2793 988 2844 ad
1005 2793 1131 2847 scrinarii
1151 2813 1198 2849 seu
1218 2795 1302 2849 tabel-

82 2869 169 2922 lionis
186 2875 304 2929 0fficium
333 2875 477 2943 pertinent,
499 2874 587 2928 teneri
609 2873 732 2927 districte
755 2873 945 2941 praecipimus,
970 2892 1033 2928 cum
1054 2893 1103 2943 per
1120 2895 1167 2930 vos
1189 2895 1235 2931 seu
1257 2894 1306 2945 per

10 2997 12 3018 .
86 2950 222 3016 deputatos
243 2958 348 3012 adhoc
364 2975 382 3010 a
405 2957 480 3011 robis
501 2956 624 3023 requisiti
645 2956 756 3018 fuerint,
782 2973 874 3009 omnes
897 2973 930 3008 ac
952 2956 1074 3024 singulos
1097 2959 1181 3013 vestri
1202 2959 1306 3013 ordinis

10 3063 12 3073 ·
86 3029 189 3103 (mbas,
201 3040 246 3107 qui
258 3041 324 3093 dum
343 3043 432 3094 essent
448 3040 478 3092 in
495 3040 586 3092 seculo
606 3038 761 3107 hujusmodi
783 3037 975 3092 tabellionatus
993 3040 1112 3093 officinm
1130 3039 1257 3095 habuisse
1279 3046 1306 3094 et

10 3149 12 3154 v
86 3122 233 3177 exercuisse
250 3127 408 3185 noscuntur,
421 3127 449 3177 et
465 3123 527 3175 illos
547 3122 638 3184 etiam,
652 3122 750 3188 quibus
762 3120 833 3174 idem
851 3121 1042 3177 tabcllionatus
1061 3123 1181 3177 officium
1198 3123 1304 3177 ratione

60 3205 62 3210 '
86 3202 197 3260 praesagi
206 3207 309 3275 negotii
319 3205 381 3260 lidei
391 3205 443 3260 ruit
452 3223 468 3259 a
477 3205 616 3273 praedicta
628 3206 690 3259 sede
703 3204 875 3257 commissum
886 3205 950 3258 etin
961 3211 1096 3272 posterum
1106 3206 1304 3272 committetur3

84 3287 258 3358 &necdentes
285 3288 440 3357 hujusmodi
464 3289 594 3342 fratribus
626 3304 731 3340 necnon
762 3291 789 3339 et
817 3286 879 3339 aliis
901 3287 1037 3355 religiosis
1059 3288 1233 3355 quibuslibet,
1258 3289 1304 3356 qui

82 3361 281 3426 sum'litardum
292 3370 420 3425 essentia
438 3371 529 3424 seculo
544 3371 647 3423 dictum
659 3369 851 3423 tabellionatus
868 3369 987 3422 officium
1004 3370 1159 3424 habuerunt
1180 3377 1207 3425 et
1229 3389 1304 3425 erer-

81 3445 206 3520 {¹¹01unt,
225 3455 431 3522 quibuscunque
448 3455 531 3509 etiam
549 3453 738 3511 ecclesiasticis
756 3452 924 3506 secularibus
943 3453 1064 3506 officium
1090 3453 1178 3520 ipsum
1204 3454 1304 3507 haben·

79 3511 161 3590 hb¹¹⁸,
175 3536 258 3590 etiam
275 3537 297 3589 si
319 3537 401 3591 iidem
414 3539 511 3591 iratres
528 3541 556 3589 et
575 3535 751 3589 ecelesiastici
764 3535 818 3588 sint
838 3535 867 3587 in
887 3535 971 3587 sacris
992 3535 1133 3588 ordinibus
1153 3535 1302 3598 constituti,

76 3606 225 3671 exelt<aradi
238 3619 323 3672 libere
338 3617 459 3672 officium
477 3619 574 3685 ipsum,
588 3618 676 3685 quoad
688 3617 844 3684 praemissa,
859 3617 1046 3670 nonobstante
1064 3618 1155 3685 aliquo
1167 3618 1304 3672 contrario

73 3675 185 3753 statuto
201 3700 313 3754 canonis
333 3702 376 3754 vel
388 3701 500 3762 ordinis,
515 3717 676 3766 quocunque
687 3700 787 3752 vallato
808 3698 958 3752 munimine
970 3700 1119 3766 plenariam
1134 3701 1304 3765 facultatem3

72 3767 150 3824 ΨΜ
164 3782 189 3835 si
201 3783 313 3837 testibus
325 3801 392 3849 qnos
404 3800 421 3834 a
432 3783 508 3836 vobis
525 3783 610 3850 recipi
627 3783 669 3835 rel
687 3784 721 3835 ab
739 3782 794 3834 alio
806 3781 865 3834 viee
876 3787 966 3834 vostra
981 3799 1063 3848 super
1077 3784 1170 3836 eodem
1191 3783 1305 3837 crimine

68 3847 406 3933 i¹a¹¹1inaneontigeria
425 3882 458 3918 ex
479 3864 663 3932 publicatione
686 3863 826 3916 nominum
845 3863 992 3916 eorundem
1012 3864 1134 3918 videritis
1154 3866 1305 3932 periculum

65 3929 234 4009 ”nminem
247 3947 369 4014 ipsorum
386 3947 497 4000 nomina
518 3964 572 3999 non
590 3946 706 4013 publice,
730 3947 777 3998 sed
796 3949 898 3998 secrete
918 3962 1010 3997 coram
1030 3946 1166 4014 aliquibus
1185 3949 1306 4015 personis

62 4009 202 4083 provldis
222 4035 249 4084 et
266 4030 387 4085 honestis
406 4031 541 4100 religiosis
564 4035 590 4085 et
610 4031 672 4083 aliis
689 4031 722 4082 ad
743 4030 795 4082 hoc
816 4028 926 4090 vocatis,
946 4029 979 4081 de
1000 4046 1114 4094 quorum
1135 4031 1248 4084 consilio
1271 4030 1306 4082 ad

57 4090 244 4166 Qntetitiam
264 4114 307 4167 vel
328 4115 579 4168 condemnationem
604 4112 713 4180 procedi
736 4112 869 4173 volumus,
894 4110 1090 4176 exprimantur.
1116 4113 1151 4167 Et
1176 4111 1225 4175 sie,
1252 4129 1306 4165 non

48 4171 68 4283 ἕ)
115 4180 206 4250 tante
217 4197 290 4262 quod
301 4196 366 4258 illis,
379 4201 473 4250 contra
485 4214 551 4264 quos
563 4194 718 4263 hujusmodi
728 4198 808 4247 testes
819 4194 1009 4260 deposuerunt,
1022 4210 1116 4247 eorum
1129 4197 1239 4248 nomina
1251 4211 1305 4247 non

59 4252 186 4331 u‘³¹''111t
208 4278 356 4345 publicata,
377 4281 413 4332 ad
432 4279 615 4346 cognitionem
630 4277 731 4344 judicis
751 4276 937 4328 instmrcndam
960 4275 1122 4330 adhibeatur
1141 4278 1221 4344 plena
1242 4277 1307 4328 fides

37 4335 190 4451 e{sil-¹¹11]
202 4361 417 4430 depositionibus
429 4364 584 4416 eorundem.
600 4363 637 4415 Ut
648 4380 714 4428 ergo
732 4360 865 4413 commissi
880 4359 956 4412 vobis
973 4359 1054 4411 officii
1073 4359 1194 4412 debitum
1213 4357 1307 4411 utilius

31 4418 241 4543 plu-hberius
264 4444 446 4510 exequamini,
460 4443 644 4497 committendi
666 4443 807 4496 citationes
827 4441 936 4494 testium
954 4440 1174 4503 examinationes,
1194 4457 1256 4493 cum
1273 4441 1307 4492 de

80 4514 240 4582 &smodi
260 4527 375 4585 crimine
395 4546 428 4583 ac
450 4527 534 4599 ipsius
556 4525 768 4582 circumstantiis
790 4523 922 4584 duxeritis
939 4522 1141 4601 inquirendum,
1159 4522 1199 4579 ita
1215 4526 1308 4596 tamep
