3194 5408
708 486 808 544 ANNO
827 488 904 542 1458
1368 479 1417 535 339

192 612 284 693 luliba.
296 629 342 686 aad
352 628 428 686 canis
443 647 500 686 ema
517 629 653 685 escam
667 629 753 684 Canes
770 629 819 683 Dei
830 633 894 682 sunt
910 624 1092 695 predicatores
1109 622 1155 691 qui
1173 621 1274 675 habent
1290 619 1414 687 linguam

199 707 391 767 ¹¹1bd'icinalem.
404 711 451 767 Sic
461 710 575 767 heretici
585 728 614 766 se
625 712 733 780 tingunt
751 709 897 777 aliquando
909 708 1009 762 habere
1018 707 1101 760 verba
1113 703 1314 772 predicatorum
1325 700 1416 754 dicen-

204 786 245 840 t&
259 793 345 862 aliqua
362 795 442 859 bona,
460 798 492 848 ut
506 792 547 847 sic
563 793 675 847 trahant
691 794 725 847 ad
742 793 819 855 falsa,
847 789 1074 859 quemadmodum
1102 785 1205 840 Paulus
1225 783 1361 851 apostolus
1384 782 1420 836 ad

209 863 333 931 1Ioniancs
342 875 437 931 scribit
444 875 538 930 dicens
549 875 669 942 capitulo
680 879 755 930 sexto
767 874 872 928 decimo
882 891 888 926 :
900 894 912 915 u
927 873 992 926 Post
1004 871 1096 924 dulces
1105 883 1242 922 sermones
1253 869 1281 920 at
1292 864 1415 919 benedic·

213 948 289 1011 tiones
297 959 424 1013 seducunt
433 958 517 1012 corda
533 956 719 1012 innocentum.
734 981 747 1002 n
761 955 852 1010 Etiam
868 954 913 1008 hic
930 953 1047 1007 habebat
1062 951 1211 1006 secundum
1228 950 1420 1020 apparenciam

218 1039 425 1094 concenationem
435 1041 545 1103 bonam,
555 1038 621 1107 quia
631 1039 710 1093 valde
721 1043 857 1092 austeram
870 1035 954 1090 vitam
964 1035 1088 1097 ducebat,
1099 1033 1290 1088 abstinentiam
1300 1032 1423 1101 corporis

217 1120 348 1176 mmmm
365 1121 555 1190 orationesque
571 1122 667 1189 longas
683 1126 710 1175 et
727 1119 916 1174 deuotissimae
934 1118 1059 1172 faciebat.
1081 1117 1159 1171 Unde
1176 1122 1203 1171 et
1219 1116 1309 1170 adhuc
1327 1115 1356 1168 in
1373 1113 1423 1169 tali

217 1197 387 1259 fnuoberatici
397 1208 511 1273 possunt
521 1202 666 1258 assimilari
677 1205 751 1270 lupo.
764 1202 879 1271 Legitur
890 1201 962 1255 enim
975 1202 1047 1269 quod
1058 1201 1139 1269 lupus
1150 1202 1245 1255 subtus
1256 1198 1323 1253 lolia
1334 1197 1421 1251 viren-

218 1278 287 1339 tiase
295 1285 428 1341 abscondit
438 1290 470 1341 ut
478 1302 544 1340 oues
555 1285 692 1340 venientes
703 1285 793 1352 capiat
804 1290 831 1340 ct
842 1283 956 1338 occidat.
968 1283 1046 1337 Folia
1058 1282 1179 1337 virencia
1190 1287 1254 1336 sunt
1266 1285 1423 1335 sanctorum

217 1359 318 1422 ιὶῐοιιιιιι
335 1385 418 1437 opera
435 1367 467 1423 in
486 1367 620 1423 charitate
638 1369 710 1423 sacta
728 1370 778 1422 suh
796 1368 894 1436 quibus
911 1366 1025 1422 heretici
1043 1384 1072 1421 se
1095 1367 1272 1428 abscondunt,
1286 1366 1352 1420 dum
1372 1365 1422 1418 hac

217 1442 296 1501 udan
304 1448 404 1504 faciunt
412 1454 445 1505 ut
452 1449 589 1520 simplices
599 1450 746 1519 decipiant.

247 1519 319 1591 lgitm
328 1528 391 1597 quia
404 1528 452 1584 hic
463 1529 522 1584 Edo
532 1529 625 1584 dulces
636 1547 772 1584 sermones
782 1533 810 1584 et
822 1533 957 1584 austeram
975 1527 1060 1582 vitam
1079 1527 1204 1592 habebat,
1218 1528 1279 1583 ideo
1296 1527 1377 1582 multi
1389 1527 1423 1581 ab

218 1607 445 1675 amoenatur,
454 1611 486 1666 in
494 1615 601 1667 tantum
610 1616 641 1667 ut
649 1613 786 1667 rumorde
795 1611 853 1666 eius
862 1611 986 1666 doctrina
997 1616 1153 1679 augeretur.
1167 1612 1288 1679 Cumque
1298 1609 1424 1664 officiarii

220 1680 376 1746 Thioctansis
385 1690 502 1747 diocesis
513 1691 611 1761 prefati
623 1693 724 1747 sarnam
735 1693 794 1747 eius
804 1692 952 1755 audissent,
966 1691 1142 1758 captiuarunt
1157 1709 1220 1746 eum
1237 1697 1265 1747 et
1276 1695 1425 1759 posuerunt

217 1781 269 1824 eun
277 1770 302 1826 in
311 1773 389 1828 firma
405 1773 529 1829 custodia
540 1780 610 1830 uteo
627 1775 725 1829 melius
741 1775 952 1829 examinaretur.
968 1772 1046 1837 Quod
1057 1780 1198 1829 cernentes
1216 1775 1343 1843 dispruli
1355 1775 1422 1839 aius,

217 1849 256 1917 qui
264 1853 406 1911 doctrinam
416 1856 541 1911 insanam
552 1858 587 1911 ab
595 1874 627 1910 eo
638 1857 792 1923 audierant,
806 1857 975 1912 occultantes
992 1855 1092 1923 seipsos
1108 1856 1273 1922 resilierunt,
1286 1868 1318 1912 ut
1334 1874 1423 1924 spera-

212 1948 273 1999 mus,
282 1937 315 1991 ab
324 1936 383 1992 eius
394 1937 530 1993 dochina.

239 2016 303 2072 Huic
313 2018 400 2074 Edoni
416 2020 537 2075 heretico
549 2025 608 2075 erat
618 2020 730 2089 quidam
747 2020 906 2088 discipulus,
921 2036 975 2073 non
987 2018 1145 2087 discipulus,
1159 2019 1206 2074 sed
1214 2020 1328 2089 collega,
1342 2019 1381 2075 ita
1392 2024 1424 2075 ut

206 2097 289 2154 varim
298 2099 395 2166 dicam
407 2101 533 2157 defensor
543 2119 638 2157 eorum
650 2120 702 2170 que
713 2103 747 2156 ab
766 2102 824 2170 ipso
835 2101 1006 2156 dicebantur.
1022 2101 1075 2155 Hic
1091 2103 1233 2156 dicebatur
1249 2103 1274 2156 N
1276 2101 1379 2156 icolaus
1390 2102 1424 2156 de

201 2180 331 2247 Naaden,
341 2183 502 2239 sacerdoset
512 2184 643 2254 magister
654 2185 765 2248 artium,
778 2185 825 2253 qui
837 2185 927 2238 Iocum
940 2183 1116 2238 habitationis
1128 2184 1244 2239 habebat
1256 2183 1285 2237 in
1295 2183 1424 2236 hamstel·

196 2263 300 2318 meam.
313 2264 498 2320 Consueuerat
513 2265 588 2320 enim
604 2265 654 2320 iste
665 2266 792 2320 domiuus
809 2271 837 2320 et
855 2266 985 2334 magister
1002 2265 1132 2319 Nicolaus
1148 2265 1238 2333 sepius
1256 2263 1344 2319 Edoni
1361 2268 1424 2318 ante

193 2362 275 2400 suam
289 2347 474 2414 captiuitatem
494 2348 525 2402 in
542 2348 669 2402 llaerlam
680 2348 791 2403 visitare
802 2353 829 2402 et
840 2365 892 2416 que
910 2349 944 2401 ab
962 2347 1020 2415 ipso
1037 2348 1198 2401 dicebantur
1215 2347 1358 2401 defendere
1375 2363 1424 2414 per

190 2427 415 2484 malosrationes.
423 2429 608 2484 Nihilominus
616 2436 644 2485 et
652 2430 803 2498 sepedictus
812 2431 869 2483 Edo
878 2435 937 2483 erat
946 2431 1062 2484 multum
1072 2428 1229 2498 ingeniosus
1238 2430 1422 2483 addesendan·

187 2512 261 2567 dum
271 2510 345 2567 dicta
355 2528 414 2566 sua.
428 2513 508 2566 Nunc
521 2516 613 2567 autem
624 2513 755 2581 magister
766 2512 897 2566 Nicolaus
906 2513 1043 2579 predictus
1054 2512 1167 2566 audiens
1180 2513 1301 2565 Edonem
1313 2516 1422 2578 captum

187 2592 271 2649 venit
281 2592 380 2648 iterum
389 2592 518 2649 Haarlem
530 2595 651 2649 Edonem
660 2594 794 2648 consolari
805 2592 917 2660 cupiens·
926 2610 1032 2647 necnon
1042 2598 1069 2648 et
1080 2593 1139 2648 eius
1157 2592 1305 2660 discipulos
1316 2593 1421 2646 coniur-

185 2683 254 2734 tare
270 2676 434 2742 desiderans,
447 2677 559 2731 undeet
575 2677 648 2730 fama
658 2677 717 2730 eius
734 2676 844 2744 publica
857 2676 930 2728 facta
942 2674 1031 2728 iussus
1042 2680 1082 2729 est
1092 2685 1120 2729 et
1136 2674 1193 2742 ipse
1204 2675 1370 2742 apprehendi
1388 2676 1422 2728 ab

184 2759 335 2817 officiariis
354 2759 473 2828 episcopi
492 2758 681 2813 Traiectensis.
705 2758 785 2821 Quod
807 2762 835 2811 et
857 2757 896 2811 ita
913 2756 1039 2811 celeriter
1055 2757 1158 2811 factum
1174 2763 1222 2813 est.
1245 2758 1303 2811 Edo
1320 2761 1421 2821 autam,

183 2841 260 2911 quia
267 2856 371 2909 pauper
379 2840 441 2904 fuit,
452 2840 554 2894 victum
565 2839 595 2894 in
607 2839 766 2908 captiuitate
777 2840 866 2893 nendo
879 2838 1033 2906 acquisIvit.

222 2922 347 2977 Vocatus
356 2927 397 2978 est
406 2922 681 2991 igiturhereticorum
692 2921 862 2976 examinator
868 2921 901 2975 de
908 2920 1084 2990 Groeningia,
1092 2922 1269 2977 doctorsacre
1276 2922 1422 2991 theologie,

182 3005 299 3062 ordinis
309 3004 519 3073 predicatorum.
534 3004 588 3067 Qui
600 3005 713 3059 veniens
731 3003 857 3057 Haerlem
874 3011 901 3057 et
912 3021 958 3057 eos
969 3003 1128 3058 examinans
1139 3005 1259 3073 repperit
1275 3004 1304 3057 in
1322 3005 1423 3059 eisdem

181 3087 384 3153 subsequentes
394 3084 525 3140 articulos
537 3084 600 3139 tidei
609 3102 674 3140 sane
682 3084 889 3139 contrariantes.
905 3084 1015 3138 Primus
1024 3085 1157 3138 articulus
1168 3087 1220 3141 suit
1232 3087 1304 3153 quod
1312 3091 1422 3140 sanctus

183 3170 284 3223 Lucas
295 3167 463 3235 euangelista
482 3184 537 3220 non
548 3167 637 3221 debite
648 3167 718 3220 dixit
731 3167 891 3220 scribendo:
912 3188 924 3208 u
944 3165 1033 3219 Maria
1050 3167 1155 3233 peperit
1172 3168 1259 3220 filium
1276 3185 1355 3220 suum
1368 3169 1422 3235 pri·

181 3247 371 3316 mogenitum,
387 3272 399 3293 n
412 3265 445 3302 ex
461 3247 514 3302 hoc
525 3249 673 3316 allegantes
686 3248 763 3314 quasi
782 3254 874 3314 postea
891 3248 982 3313 plures
999 3248 1088 3313 proles
1105 3247 1250 3311 habuisset,
1265 3249 1422 3317 ignorantes

182 3331 267 3400 quod
277 3329 339 3383 ideo
350 3328 483 3382 Lucassic
489 3330 597 3396 scripsit
607 3338 636 3382 ut
645 3345 678 3382 ex
687 3328 739 3381 hoc
748 3328 874 3381 innuerat
883 3328 954 3394 quod
964 3336 1027 3380 aute
1038 3328 1130 3381 desum
1140 3329 1285 3382 Dominum
1299 3335 1421 3383 nostrum

182 3431 250 3470 non
259 3412 397 3467 habuisset
413 3412 526 3481 prolem.
540 3411 672 3465 Dicebant
682 3427 749 3476 ergo
761 3409 806 3462 isti
818 3410 890 3475 quod
902 3409 1068 3476 scripsisset:
1085 3431 1096 3452 u
1112 3411 1145 3463 Et
1158 3412 1261 3478 peperit
1270 3428 1348 3463 suum
1361 3410 1421 3463 uni·

182 3495 326 3567 genitum
342 3519 354 3542 »
366 3494 435 3549 Item
446 3492 517 3548 alius
527 3492 659 3548 articulus
671 3492 724 3545 fuit
735 3491 807 3559 quod
819 3491 907 3545 oratio
919 3509 987 3558 eque
1000 3493 1066 3546 bene
1079 3501 1166 3559 posset
1183 3493 1242 3545 lieri
1256 3492 1284 3545 in
1297 3493 1421 3546 domibus

182 3581 266 3635 sicut
276 3576 436 3641 inecclesia,
453 3576 518 3645 quia
527 3577 599 3630 Deus
609 3579 650 3629 est
666 3575 782 3640 ubique;
795 3574 903 3640 etquod
915 3573 976 3627 ideo
988 3574 1102 3627 ecclesia
1120 3575 1235 3641 populus
1245 3591 1299 3628 non
1316 3574 1421 3642 indige·

183 3663 249 3716 bat.
262 3659 330 3714 ltem
341 3658 468 3713 dicebant
477 3658 549 3725 quod
557 3656 647 3712 Maria
658 3660 746 3709 mater
758 3654 869 3718 Christi,
884 3671 951 3708 crux
963 3656 1072 3709 Domini
1085 3657 1221 3724 ceterique
1233 3675 1325 3711 omnes
1335 3657 1421 3710 sancti

184 3760 250 3799 non
272 3741 406 3796 debebant
426 3739 537 3794 adorari
563 3756 651 3806 neque
673 3736 802 3800 exorari·
815 3739 861 3791 sed
886 3737 959 3790 solus
982 3738 1054 3791 Dens
1071 3738 1185 3792 debebat
1202 3739 1326 3806 adorari3
1344 3739 1421 3808 igno·

182 3828 287 3882 mnae
307 3821 444 3891 triplicem
464 3838 522 3875 esse
540 3820 735 3882 adorationem,
759 3819 886 3872 videlicet
908 3818 996 3881 latria,
1020 3820 1102 3886 dulye
1124 3824 1151 3873 et
1174 3823 1330 3890 yperdulye.
1352 3822 1421 3876 Item

183 3906 306 3975 sanguis
316 3905 418 3961 Christi
429 3905 577 3959 secundum
594 3919 689 3957 eorum
706 3902 903 3955 estimationem
921 3902 972 3955 suit
990 3901 1093 3955 nullius
1104 3903 1233 3955 efficacia.
1247 3903 1314 3956 Item
1332 3918 1420 3955 sacra·

184 3994 316 4046 mentum
327 3987 491 4044 eucharistie
502 3987 663 4054 reputabant
675 3989 781 4039 tantum
793 4001 891 4051 panem
909 3985 1116 4038 sanctiticatam.
1129 3983 1199 4037 Item
1212 3985 1283 4051 quod
1301 3992 1421 4050 tempora

185 4071 326 4142 passionis
337 4068 439 4124 Christi
449 4069 535 4122 deitas
548 4069 659 4122 omnino
671 4070 704 4122 ab
717 4068 888 4122 humanitate
906 4068 1000 4121 suisset
1011 4072 1143 4135 separato.
1157 4068 1224 4122 Item
1243 4068 1314 4134 quod
1325 4068 1420 4119 suffra·

184 4154 242 4226 gia
254 4170 304 4221 pru
311 4152 447 4208 defunctis
458 4156 518 4219 post
534 4156 649 4205 mortem
661 4152 732 4204 facta
750 4168 803 4204 non
816 4152 972 4217 prodessent
991 4150 1055 4217 ipsis
1067 4150 1209 4204 defunctis.
1221 4150 1288 4203 Item
1306 4148 1421 4216 quisine

185 4238 306 4307 wccato
316 4233 426 4289 mortali
442 4233 555 4295 viveret,
572 4250 626 4286 non
643 4234 788 4287 tenebatur
804 4233 886 4286 semel
907 4232 936 4286 in
952 4250 1025 4285 armo
1043 4232 1175 4294 confiteri,
1195 4238 1220 4286 et
1239 4230 1300 4285 talis
1317 4235 1421 4297 poterat

185 4318 344 4374 secundum
363 4334 458 4372 eorum
477 4317 675 4372 estimationem
693 4318 794 4384 absque
811 4316 978 4369 confessione
995 4315 1088 4382 previa
1105 4315 1233 4368 accedere
1250 4314 1284 4366 ad
1301 4329 1419 4366 commu·

185 4400 313 4464 niobem,
327 4399 392 4466 quia
401 4399 518 4456 venialia
530 4400 695 4456 tollebantur
706 4416 754 4468 per
765 4397 947 4466 aspersionem
959 4413 1029 4462 aque
1042 4398 1181 4451 benedicte
1192 4402 1219 4450 et
1230 4396 1292 4450 aliis
1302 4410 1418 4448 ceremo-

183 4482 247 4543 niis
259 4481 405 4539 consuetis.
