3194 5408
603 502 704 560 ANNO
724 506 802 560 1163
1261 515 1292 566 «11

73 645 112 695 est
130 644 255 710 mundos,
279 645 485 715 nuncupabant,
508 663 637 718 magnam
662 647 824 705 eruditionis
847 666 914 706 suae
940 650 1059 719 gloriam
1086 652 1237 721 reportavit
1263 662 1291 712 at

72 717 214 783 1111011000
232 728 398 783 confutavit.
425 729 550 784 Fuerunt
572 735 664 786 autem
685 731 867 787 catharorum
890 732 1024 789 haeretici
1051 734 1288 802 perniciosissimis

79 808 203 864 mribus
220 810 297 879 pleni
320 811 394 879 apud
417 811 559 866 Coloniam
582 812 688 867 inventi
708 830 797 867 mares
818 821 880 869 0010
901 822 928 869 01
951 816 1079 871 soeminae
1101 823 1164 882 tres,
1190 819 1239 887 qui
1258 820 1292 876 de

83 881 210 948 thdn'ae
227 893 354 961 partibus
375 894 405 948 iu
427 893 546 961 quodam
567 894 667 950 horreo
688 911 774 963 prope
796 896 936 952 civitatem
960 897 1133 954 habitabant·
1155 901 1208 964 Qui
1229 919 1292 957 cum

87 964 242 1030 humentia
252 975 356 1031 abditis
373 981 400 1031 et
416 993 504 1044 noque
516 976 670 1032 Dominicis
686 995 775 1045 nequa
793 979 869 1033 festis
880 985 1037 1035 sanctorum
1050 980 1145 1037 diebus
1156 983 1293 1040 intrarent

92 1055 214 1124 101011,
224 1075 289 1114 mox
300 1058 492 1127 comprehensi
509 1064 537 1114 et
554 1061 584 1116 iu
595 1061 735 1115 civitatem
750 1061 876 1129 perducti
898 1068 971 1118 sunt.
988 1063 1062 1118 Inter
1073 1082 1141 1132 qnos
1152 1066 1185 1119 ad
1197 1067 1290 1136 dispu-

95 1134 183 1195 lunium
191 1141 321 1196 acutiores
335 1142 448 1197 fuerunt
465 1142 613 1207 Arnoldus,
632 1142 773 1197 Marsilius
794 1151 821 1198 et
839 1142 1044 1213 Theodericum
1064 1146 1112 1213 qui
1131 1147 1183 1202 etsi
1199 1155 1288 1205 essent

99 1211 154 1284 hid,
162 1221 228 1278 111111
236 1228 330 1278 umen
338 1222 472 1278 sermonis
481 1224 548 1277 satis
559 1224 671 1280 luerunt
680 1225 763 1292 periti
774 1229 803 1279 et
813 1225 924 1280 divinae
935 1227 1088 1294 scripturae
1099 1229 1287 1284 voluminibus

101 1296 213 1365 11111111
227 1304 343 1374 1030110
359 1305 468 1368 intenti,
487 1303 540 1360 uisi
556 1305 629 1372 quod
645 1322 743 1361 sanum
759 1307 959 1375 scripturarum
978 1316 1162 1375 pervertentes
1179 1328 1288 1367 sensum

103 1379 261 1443 deieratis
271 1388 442 1456 propositum
453 1389 657 1456 retorquebant,
670 1405 788 1456 quorum
799 1388 846 1443 isti
857 1389 968 1444 luerunt
981 1391 1104 1445 articuli.

128 1461 208 1522 Pana
216 1483 308 1525 eorum
320 1469 474 1533 tatemer,
486 1469 558 1536 quod
571 1487 600 1524 se
611 1470 745 1525 catharos
762 1471 887 1538 solosque
905 1472 1022 1528 mundos
1034 1479 1061 1527 et
1073 1490 1156 1541 puros
1167 1475 1203 1529 ab
1214 1475 1290 1530 omni

104 1553 184 1610 1111110
200 1554 224 1605 01
243 1549 391 1620 iniquitate
407 1551 609 1619 profitebantur
624 1569 707 1620 seque
727 1552 799 1608 solos
822 1553 986 1609 christianos
1002 1562 1029 1611 et
1044 1573 1124 1611 veros
1141 1557 1290 1612 catholicos

103 1626 477 1696 adrameriensem
492 1632 540 1699 qui
558 1649 614 1688 non
630 1640 719 1689 essent
735 1636 765 1690 in
778 1642 852 1691 secta
863 1652 968 1701 eorum,
983 1635 1146 1704 haereticos,
1158 1637 1287 1694 schisma-

102 1705 301 1772 h'coratiutldelea
312 1716 425 1785 Deoque
437 1715 553 1771 odibiles
562 1716 769 1784 praedicabant.
1147 1726 1149 1730 ’

124 1787 250 1862 &mum
260 1799 430 1867 pontificem,
444 1799 585 1869 episcopos
602 1798 835 1867 ecclesiarumque
853 1800 990 1868 praelatos
1011 1806 1038 1857 et
1054 1819 1162 1859 omnem
1178 1805 1289 1873 penitus

10 1942 12 1949 Ι
99 1869 332 1950 damtmptores
342 1883 501 1938 animarum
518 1889 547 1938 et
562 1883 674 1950 laqueos
690 1881 793 1937 diaboli
810 1881 992 1939 nominabant
1003 1888 1287 1955 eorumqueJurisdic·

10 1956 13 2013 :
98 1954 187 2026 110101,
196 1979 322 2031 sensuras,
335 1965 500 2029 doctrinam,
513 1965 729 2030 constitutiones,
744 1965 814 2019 ritus
830 1969 857 2020 et
872 1982 962 2020 mores
980 1972 1012 2021 ut
1027 1968 1181 2025 fatuitatem
1191 1971 1287 2027 stulto·

97 2052 147 2095 mm
154 2042 318 2102 11111001
330 2048 550 2116 blasphemantes
562 2050 784 2105 contemnebant.

121 2119 383 2184 Ommeemmenta
403 2129 533 2184 ecclesiae
549 2135 708 2200 spernentes
727 2131 933 2185 subsannabant
949 2149 978 2185 se
997 2134 1067 2188 solos
1087 2134 1168 2189 fldem
1185 2135 1287 2194 habere

95 2214 358 2276 1001010110
369 2230 426 2267 esse
439 2211 489 2267 Dei
501 2213 643 2268 ecclesiam
661 2220 688 2268 01
706 2212 811 2281 Spiritu
824 2213 924 2268 Sancto
936 2213 1031 2281 plenos
1046 2215 1266 2285 dogmatizabant
1277 2241 1285 2288 3

96 2287 286 2349 essentem
296 2311 392 2351 omues
403 2295 499 2349 mundi
511 2294 637 2351 homiues
648 2302 675 2350 et
686 2296 716 2349 in
727 2300 870 2350 aeternum
882 2296 1057 2352 damnandos.

123 2365 302 2432 Quantam
322 2377 461 2433 Dominici
480 2377 604 2446 corporis
624 2383 652 2432 et
670 2378 814 2447 sanguinis
835 2378 906 2432 nihil
926 2396 982 2435 esse
999 2379 1119 2438 dicentes
1140 2383 1286 2441 missarum

96 2447 274 2515 celebrationem
285 2461 440 2517 irridebant
450 2467 478 2516 et
495 2461 655 2516 execrandis
671 2461 829 2516 nominibus
840 2461 1014 2530 appellabant
1030 2467 1057 2517 et
1073 2464 1134 2520 ideo
1144 2483 1286 2535 nunquam

97 2533 210 2594 waben
217 2544 356 2599 eclesiam
367 2563 419 2600 uec
430 2561 568 2600 sermones
579 2545 735 2599 audiebant.

127 2610 298 2681 cottlossionam
315 2632 491 2695 peccatorum
508 2627 571 2695 pari
590 2627 743 2680 temeritate
759 2624 894 2690 ridebant,
910 2624 1030 2681 diceutes
1046 2625 1097 2681 soli
1115 2627 1171 2684 Deo
1182 2633 1286 2686 secreta

97 2693 211 2761 wfflhvel
219 2708 332 2764 actionis
343 2726 400 2763 esse
412 2709 557 2763 revelanda
569 2713 597 2761 et
608 2724 781 2775 nequaquam
791 2706 959 2764 homiuibus.
973 2706 1052 2763 Unde
1064 2715 1091 2763 et
1099 2708 1286 2780 indulgentias

98 2779 390 2856 8111111111001110111111
408 2791 630 2855 contemnebant,
642 2791 792 2859 allegantes
803 2789 873 2843 illud
884 2790 1050 2858 prophetae:
1063 2792 1097 2844 In
1114 2808 1285 2864 quacumque

97 2863 271 2934 1011111011ον
282 2875 465 2943 ingemuerit,
475 2873 570 2926 salmes
583 2875 644 2938 erit,
656 2888 706 2926 nec
716 2871 884 2927 recordabor
894 2871 1017 2941 amplius
1028 2880 1205 2941 peccatorum
1215 2878 1284 2943 ejus,

95 2946 156 3004 11611
163 2950 288 3011 dominus.

124 3025 249 3094 lumnam
259 3040 332 3095 inter
343 3057 372 3094 se
391 3055 555 3108 quocunque
571 3038 652 3093 modo
664 3038 707 3092 vel
724 3055 786 3093 cum
798 3054 962 3105 quacunque
972 3055 1087 3107 persona
1103 3043 1283 3109 commissam,

88 3117 138 3173 hot
146 3122 178 3172 et
190 3137 246 3176 cnm
257 3126 354 3188 matra,
368 3139 433 3176 cum
444 3138 537 3176 sorore
548 3125 597 3176 aut
611 3137 674 3175 cum
686 3121 751 3184 filia,
768 3121 894 3176 dicebant
906 3139 962 3176 101
973 3140 1029 3176 esse
1048 3128 1199 3189 peccatum,
1219 3125 1283 3181 alle·

83 3202 170 3271 guttae
178 3201 240 3257 illud
251 3204 366 3273 apostoli
377 3221 385 3257 ε
402 3204 504 3258 Omitto
512 3202 620 3256 munda
630 3201 753 3255 mundis.
768 3201 809 3255 Ob
821 3203 850 3257 id
861 3218 969 3269 quoque
980 3221 1008 3258 se
1018 3204 1134 3257 mundos
1145 3210 1172 3258 et
1180 3205 1285 3274 Spiritu

78 3286 172 3340 Sancto
180 3286 269 3353 plenos
281 3285 418 3356 quidquid
429 3287 550 3340 lacerant
558 3301 614 3339 non
625 3300 738 3353 peccare
752 3283 887 3338 dicebant.

106 3366 176 3422 illios
192 3385 297 3436 quoque
316 3369 419 3423 multos
439 3368 473 3422 ad
496 3367 706 3422 destructionem
720 3365 884 3421 christianae
902 3367 965 3422 fidei
982 3369 1075 3435 plenos
1086 3368 1285 3435 profitebantur

67 3467 187 3519 erroroe3
199 3467 314 3519 quorum
325 3451 486 3505 detestanda
496 3451 615 3504 haeresis
627 3450 764 3517 originem
776 3449 873 3502 habuit
890 3467 923 3502 ex
940 3451 1059 3504 faecibus
1072 3450 1182 3504 nefandi
1198 3451 1283 3506 homi·

62 3537 107 3595 nis
117 3533 193 3587 illius
204 3532 377 3597 Tanchclini‚
390 3534 438 3600 qui
451 3532 516 3586 olim
527 3532 705 3599 antverpiam
723 3538 750 3585 et
765 3549 873 3585 omnem
893 3532 922 3584 in
942 3531 1059 3585 circuitu
1077 3533 1217 3599 regionam
1234 3553 1283 3588 suo

57 3618 261 3680 intoxicaverat
277 3634 384 3672 veneno
401 3616 511 3680 erroris,
524 3633 604 3683 quem
617 3633 688 3670 anno
701 3614 824 3670 Volmari
843 3634 867 3668 v.
882 3615 1079 3683 supradictum
1093 3624 1141 3670 est.
1154 3617 1284 3680 Quamvis

54 3705 134 3763 enim
146 3717 196 3771 per
206 3719 227 3756 s.
241 3699 409 3755 Norbertum
422 3705 448 3753 01
464 3700 562 3754 fratres
579 3705 637 3766 ejus
653 3698 926 3768 praemonstratensis
944 3697 1047 3751 ordinis
1059 3699 1152 3753 eadem
1163 3700 1283 3756 haeresis

48 3791 83 3845 in
103 3785 158 3840 ills
175 3782 260 3836 luerit
274 3781 421 3850 provincia
442 3797 492 3848 pro
512 3782 610 3847 majori
634 3786 711 3848 parte
729 3780 925 3847 utplurimum
944 3779 1072 3843 extincta,
1092 3783 1171 3835 toties
1188 3789 1280 3838 tamen

47 3875 153 3943 postea
172 3865 283 3921 diabolo
294 3864 447 3920 seminante
463 3864 493 3919 in
509 3863 623 3917 diversis
641 3864 800 3932 regionibus
818 3863 1005 3931 repullulavit,
1018 3865 1137 3919 maxime
1153 3866 1183 3919 in
1194 3867 1282 3921 Bohe-

47 3957 121 4019 mia,
138 3950 296 4019 Thuringia
308 3953 335 4003 et
347 3947 460 4015 Alsatia,
470 3954 504 4004 ut
519 3965 604 4017 usque
618 3947 651 4000 ad
662 3952 831 4015 praesentem
842 3946 913 4000 diem
926 3952 984 4014 ejus
995 3948 1159 4015 professores
1169 3949 1283 4004 minima

81 4123 188 4187 Itaque
206 4117 318 4172 veniens
336 4117 370 4171 ad
388 4115 528 4171 Coloniam
546 4116 681 4184 Egbertus
698 4111 848 4168 monachus
870 4112 1016 4179 praefatus,
1036 4120 1127 4181 postea
1146 4115 1282 4170 Schonau·

43 4204 159 4277 gienms
179 4201 278 4266 abhas,
303 4205 334 4255 ut
355 4217 404 4254 suo
428 4200 488 4254 loco
510 4200 644 4262 dicemus,
669 4195 862 4264 disputationis
890 4196 1030 4263 publicum
1052 4202 1189 4251 certamen
1217 4215 1279 4252 cum

43 4285 204 4359 praedictis
224 4283 371 4338 haereticis
395 4282 493 4336 habuit
520 4299 591 4335 anno
622 4283 790 4348 praenotate,
820 4279 939 4332 secundo
960 4279 1088 4333 videlicet
1109 4279 1153 4333 dia
1175 4281 1281 4335 mensis

42 4366 171 4439 Augusti
185 4365 315 4421 Coloniae
334 4364 363 4419 in
380 4369 525 4432 conspectu
541 4364 625 4416 totius
640 4363 707 4416 cleri
724 4369 750 4416 et
761 4361 911 4414 multorum
929 4362 962 4415 de
978 4364 1079 4430 populo
1097 4363 1227 4418 civitatis.
1244 4365 1279 4416 Et

40 4454 112 4508 licet
123 4449 273 4504 memorati
293 4453 347 4502 tras
363 4447 569 4502 haeresiarchae
582 4445 690 4499 diabolo
702 4447 775 4513 pleni
791 4451 878 4500 000011
895 4445 926 4499 11
937 4445 1101 4512 disputando
1113 4446 1276 4510 acutissimi,

41 4543 141 4597 nmen
159 4533 311 4600 adjuvante
325 4533 417 4603 gratia
434 4530 544 4595 Christi,
559 4528 735 4596 authoritate,
749 4529 857 4591 ratione
874 4534 902 4586 et
920 4529 1043 4598 exemplo
1061 4545 1110 4602 per
1128 4529 1279 4597 Egbertum
