3194 5408
607 510 707 568 ANNO
725 516 801 568 1472
1268 514 1314 570 4³1

120 650 162 704 18.
173 647 277 703 Ρ66166
287 648 318 702 16
327 648 442 717 epistola
453 666 535 717 quam
546 649 663 704 dicimus
670 651 704 706 de
713 651 862 705 defunctis:
875 672 887 695 u
901 652 1026 715 Nolimus
1037 668 1085 706 666
1095 651 1221 720 ignorari
1233 677 1245 700 n
1258 672 1313 709 non

82 731 259 800 loquebatur,
271 735 303 786 ut
313 730 364 786 iste
374 730 510 787 Messinm
521 732 617 796 credit,
635 732 669 787 de
685 733 829 799 defunctis,
842 733 888 789 sed
898 734 932 789 de
942 733 1140 789 dormientibus
1152 734 1181 789 in
1193 736 1311 803 peccatis

83 834 153 872 suns.
830 846 832 848 ·

118 899 165 954 Ad
176 897 332 953 instantiam
343 896 447 952 domim
458 897 583 952 officialis
595 899 791 954 Tornacensis:

120 978 254 1042 Qucritur
264 978 431 1045 qualificatio
442 978 541 1034 horum
553 978 731 1034 articulorum
743 979 851 1034 stratio
863 978 945 1033 buius
957 978 1177 1046 qualificationis.

120 1060 217 1115 Prima
227 1062 338 1117 assertio
348 1066 388 1117 est
398 1063 519 1118 heretica
531 1105 614 1116 .....
627 1065 663 1128 (l)
673 1062 798 1117 Secunda
809 1062 922 1118 assertio
935 1067 975 1117 est
985 1062 1111 1117 similiter
1121 1062 1251 1119 heretica.
1264 1107 1270 1118 .
1283 1105 1289 1119 .
1303 1105 1309 1119 .

84 1142 188 1199 Tereia
203 1144 314 1200 assertio
331 1149 372 1200 est
387 1145 417 1199 in
434 1146 486 1199 fide
498 1162 620 1200 erronea.
633 1187 639 1200 .
650 1188 657 1199 .
669 1187 676 1200 .
690 1146 795 1209 Quarta
807 1145 919 1200 assertio
931 1150 971 1200 est
990 1145 1020 1198 in
1032 1146 1085 1200 fide
1096 1163 1220 1211 erronea,
1233 1164 1309 1201 ecan-

81 1225 181 1281 dalosa
191 1231 219 1282 et
228 1227 364 1282 seditiosa.
376 1269 383 1282 .
395 1270 401 1282 .
415 1271 421 1282 .
435 1227 538 1291 Quinta
545 1228 658 1284 assertio
670 1246 703 1283 ex
714 1246 789 1283 more
801 1226 983 1296 responsionis
993 1227 1079 1296 posite
1090 1245 1185 1298 sapone
1198 1229 1308 1285 videtur

81 1307 316 1377 blasphemiamet
325 1308 475 1378 perniciem
483 1309 513 1364 in
522 1309 715 1379 protestatione
724 1310 788 1366 fidei
797 1310 923 1365 interiori
932 1314 959 1365 et
967 1309 1109 1365 exteriori.
1122 1353 1128 1364 .
1142 1352 1149 1364 .
1162 1352 1169 1364 .
1182 1311 1264 1366 Sexta
1272 1314 1313 1366 est

73 1392 201 1447 ’6666666
211 1393 241 1447 16
252 1392 305 1448 flde
315 1397 411 1448 666166
420 1393 563 1448 6661161666
574 1393 666 1448 divine
675 1393 819 1462 scripture.
831 1435 838 1448 .
851 1434 857 1447 .
870 1435 876 1448 .
890 1393 1011 1461 Septima
1022 1411 1071 1461 pro
1082 1391 1172 1461 prims
1182 1397 1259 1461 parte
1267 1398 1308 1448 est

81 1470 241 1535 temeraria,
254 1487 303 1539 pro
314 1474 433 1529 secunda
449 1479 534 1543 parte.
548 1517 554 1529 .
567 1516 573 1529 .
586 1517 592 1529 .
612 1492 725 1530 erronea
740 1475 771 1528 in
788 1475 841 1531 flde
858 1481 891 1530 ut
907 1475 991 1544 prior.
1011 1476 1115 1531 Octaua
1132 1476 1249 1530 assercio
1269 1480 1310 1531 est

80 1551 165 1617 16616,
183 1553 264 1620 plena
279 1554 412 1611 1666166616
429 1560 457 1611 61
478 1557 634 1611 temeraria.
647 1598 653 1610 .
666 1598 672 1610 .
684 1598 691 1610 .
705 1558 784 1610 Nona
804 1557 921 1611 assercio
943 1561 984 1612 est
1005 1572 1128 1611 erronea.
1142 1599 1148 1611 .
1161 1599 1167 1611 .
1180 1599 1186 1610 .
1200 1556 1312 1611 Decima

81 1634 204 1690 assercio
223 1638 354 1692 satiatus
370 1643 398 1693 et
413 1638 568 1693 temeraria.
582 1681 587 1691 .
602 1680 628 1693 ..
648 1637 799 1692 Undecima
815 1638 933 1693 assercio
950 1639 1139 1706 pertransitur,
1158 1639 1223 1707 quia
1242 1639 1310 1694 bene

80 1716 225 1774 intellecta
234 1736 300 1774 vera
310 1725 358 1776 est.
372 1721 539 1776 Duodecima
550 1720 667 1774 assercio
679 1721 755 1774 fatua
766 1725 807 1775 est
822 1725 850 1775 et
866 1722 994 1775 mendosa
1012 1725 1039 1776 et
1056 1722 1251 1791 blasphemosa.
1264 1765 1270 1776 .
1283 1765 1289 1776 .
1303 1766 1309 1777 .

82 1799 181 1855 Tertia
191 1805 219 1856 et
227 1808 325 1870 quarta
336 1805 443 1859 decima
454 1803 619 1858 asserciones
630 1808 693 1858 sunt
703 1804 789 1858 aniles
800 1808 828 1858 et
839 1804 969 1859 fabulose.
982 1846 988 1858 .
1001 1847 1007 1858 .
1020 1847 1026 1858 .
1040 1805 1142 1868 Quinta
1154 1805 1259 1859 decime
1270 1811 1311 1859 est

80 1881 335 1953 1166611666161666
345 1887 521 1954 blasphemie.
543 1886 626 1941 Sexta
643 1887 748 1940 decima
765 1891 805 1942 est
826 1886 960 1941 iniuriosa
978 1887 1009 1941 in
1030 1887 1082 1941 hoe
1104 1888 1176 1955 quod
1195 1887 1312 1955 imponit

81 1964 202 2032 Spiritui
219 1966 319 2023 Sancto
336 1971 409 2038 quod
426 1971 532 2025 monuit
555 1987 619 2024 eum
641 1987 675 2024 ne
695 1971 842 2038 deponeret
864 1971 986 2034 barbam,
999 1975 1027 2024 et
1046 1975 1086 2024 est
1102 1970 1233 2025 sediciosa
1246 1970 1312 2038 quia

80 2047 276 2103 mandatorum
288 2051 400 2106 ecclesie
411 2051 563 2118 procaciter
574 2068 603 2105 se
613 2050 704 2106 rendit
715 2055 937 2118 contemptorem.
949 2051 1070 2119 Septima
1080 2053 1187 2107 decima
1198 2053 1311 2108 assertio

81 2130 282 2185 mttemeraria
299 2136 326 2186 et
342 2138 557 2201 presumptuosa.
570 2176 576 2187 .
589 2175 615 2188 ..
634 2134 739 2187 Octaue
756 2133 862 2187 decima
878 2133 995 2188 assercio
1012 2139 1053 2190 est
1072 2154 1194 2192 6666666.
1208 2181 1214 2192 .
1228 2180 1233 2191 .
1247 2180 1253 2192 .
1265 2140 1309 2204 (2).
1412 2159 1416 2169 ·

116 2213 159 2266 Ex
170 2213 306 2281 premissis
316 2215 455 2270 erroribus
465 2216 553 2283 liquet
563 2233 645 2283 quam
656 2215 839 2284 periculosum
851 2219 891 2270 est
900 2216 984 2269 laicos
995 2216 1096 2272 habere
1107 2235 1212 2273 sacram
1224 2220 1307 2287 scrip

79 2299 175 2350 turam
184 2295 215 2351 in
225 2297 343 2366 vulgari,
356 2298 404 2367 qui
414 2298 441 2353 ei
452 2298 529 2366 quasi
541 2296 676 2352 romantio
688 2302 737 2352 aut
753 2299 815 2363 alljs
831 2297 909 2351 libris
926 2298 1062 2364 inherent,
1079 2299 1108 2353 in
1125 2318 1188 2368 quo,
1201 2300 1310 2369 vulgari

79 2379 242 2449 planumque
252 2381 324 2436 male
334 2381 465 2436 translato
476 2382 510 2436 de
520 2381 615 2445 latino,
627 2381 715 2434 solum
726 2384 838 2448 apperet
848 2379 974 2435 litteralis
991 2380 1144 2437 intellectus
1159 2381 1190 2436 in
1209 2399 1302 2451 super

78 2461 145 2518 tlcie
155 2467 183 2518 et
192 2464 239 2530 611]Ι
251 2480 344 2519 sensus
354 2462 474 2528 moralis,
486 2462 649 2532 allegoricus
658 2467 685 2518 et
696 2462 872 2532 anagogicus,
885 2464 933 2531 qui
944 2464 979 2518 ad
990 2463 1136 2522 litteralem
1153 2483 1182 2521 se
1197 2466 1301 2522 habent

78 2551 114 2603 ut
123 2565 182 2603 nux
192 2548 228 2605 ad
238 2547 375 2605 corticem.
388 2589 395 2602 .
407 2588 414 2601 .
426 2589 433 2602 .
446 2549 490 2613 (3).

342 2663 488 2730 Carlerius,
501 2664 560 2721 deel
570 2663 593 2730 1,
607 2663 805 2733 verhandeling
817 2667 858 2720 11.
971 2704 974 2709 -

647 2854 739 2924 353.

131 3048 219 3116 Vtar
244 3043 436 3114 November
466 3045 568 3122 1472,
601 3046 751 3113 Atrecbt.
780 3042 915 3110 0661661
940 3063 1005 3110 van
1035 3044 1098 3109 den
1122 3043 1308 3132 Kamenijk-

78 3151 181 3218 schen
197 3151 304 3217 deken
320 3150 455 3225 Carlier,
471 3168 512 3235 op
527 3169 696 3234 aanvraag
707 3168 772 3215 van
788 3148 852 3213 den
869 3145 975 3213 deken
992 3166 1034 3211 66
1050 3167 1116 3214 666
1129 3150 1152 3214 ’1
1168 3148 1307 3232 kapittel

76 3273 147 3321 666
157 3254 298 3320 Atrecht
313 3251 531 3339 uitgebracht‚
547 3273 626 3319 6666
650 3252 709 3318 het
731 3251 829 3337 geval
852 3270 917 3316 666
939 3269 1044 3315 66666
1068 3248 1208 3333 priester
1236 3250 1327 3315 dier·

77 3357 165 3436 6161,
184 3356 235 3423 die
250 3376 315 3424 666
338 3355 378 3422 de
394 3356 509 3423 611666
521 3355 696 3422 bewaarde
721 3354 857 3439 reliquie
879 3373 944 3419 666
968 3353 1026 3419 het
1050 3351 1158 3436 Hcilig
1183 3352 1307 3419 Manna

75 3459 198 3527 kwaad
214 3460 399 3547 gesproken
416 3459 491 3527 had.
511 3497 555 3509 —
572 3459 719 3544 Volgens
742 3456 767 3523 ’s
782 3458 939 3541 priesters
962 3454 1197 3540 verklaringen
1221 3453 1302 3522 vttr

40 3597 41 3600 ¹
75 3563 143 3630 den
157 3563 352 3649 inquisiteur
368 3583 409 3629 66
425 3564 563 3649 volgens
579 3563 619 3627 de
635 3561 881 3647 getuigenissen
898 3564 997 3645 tegen
1013 3558 1088 3624 hem
1112 3556 1305 3645 ingebracht

75 3672 207 3734 moeten
223 3666 309 3753 zijne
325 3666 477 3753 delingen
489 3668 539 3734 als
556 3664 726 3734 kettersch
742 3662 940 3731 beschouwd
956 3662 1103 3730 worden.

112 3854 215 3910 Contra
238 3853 431 3907 detractatores
454 3851 551 3906 Sancto
580 3851 687 3905 Manae
714 3852 746 3902 ia
769 3847 883 3902 ecclesia
906 3845 1080 3900 Atrebateast
1103 3847 1241 3911 eatetenti,
1266 3843 1305 3899 ad

76 3939 245 3990 instantiam
256 3936 435 3988 dominorum
447 3935 545 3987 decani
558 3940 582 3985 et
594 3933 713 4001 capituli
725 3931 834 3985 ecclesie
846 3936 1006 3982 memorate.

54 4052 59 4063 ·
112 4034 209 4089 Casus.
223 4033 340 4096 Quidam
361 4032 492 4100 presbiter
510 4030 634 4086 Atrebati
654 4031 687 4084 de
705 4029 805 4082 Sancto
825 4027 935 4089 Manna,
952 4027 1025 4093 quod
1044 4025 1074 4079 in
1092 4025 1206 4081 ecclesia
1223 4027 1300 4080 Atre·

75 4116 183 4172 batensi
194 4120 351 4170 reseruatur
361 4119 389 4169 et
404 4115 434 4169 in
451 4115 530 4169 theca
544 4114 675 4169 deamata
685 4114 843 4167 reuerentes
854 4113 1031 4163 conseruatur
1048 4109 1077 4162 in
1095 4112 1299 4163 monumentum

109 4361 147 4427 (l)
159 4357 343 4427 Breedvoerig
353 4374 388 4413 en
399 4360 453 4413 met
465 4357 569 4412 allerlei
581 4358 683 4411 citaten
694 4356 775 4410 staaft
787 4353 893 4408 Carlier
904 4355 957 4419 ntjn
968 4351 1085 4406 oordeel.

109 4444 145 4508 (2)
156 4441 260 4508 Hierop
270 4441 368 4508 volgen
380 4441 460 4509 lange
469 4439 649 4508 godgeleerde
660 4436 856 4504 uitweidingen
866 4438 920 4488 met
928 4433 1028 4488 citaten
1040 4431 1163 4501 gestaafd

109 4525 146 4596 (3)
156 4524 234 4582 Meer
244 4523 344 4580 andere
356 4523 560 4591 bewecgredens
571 4538 606 4578 en
616 4521 722 4578 tekston
733 4519 809 4574 haalt
819 4518 857 4584 hij
870 4517 1003 4574 (16666666
1011 4532 1067 4583 nog
1078 4530 1131 4569 666
