3188 5408
526 110 626 163 ANNO
647 114 731 174 1484,
753 113 835 164 1489
1242 111 1290 163 451

10 242 14 273 ³
113 239 142 299 tt
155 246 332 302 nihilominus
343 247 492 303 4444444111
510 247 590 302 fratri
607 253 699 303 nostro
721 247 848 317 episeopo
864 247 1060 317 Argentinensi
1078 263 1127 316 per
1143 248 1293 317 apostolica

10 347 25 409 3
77 326 173 398 scripu
191 331 361 396 mandamus,
379 337 514 399 quatenus
533 333 656 401 ipseper
672 349 702 387 se
723 333 768 387 vel
789 332 875 386 alium
895 349 942 386 seu
967 332 1035 387 alios
1056 333 1213 400 praemissa,
1231 332 1289 397 ubi,

12 444 15 449 ’
73 417 179 476 ltimido
190 422 217 471 44
227 416 353 484 quotiens
363 417 491 484 expedire
512 418 673 486 cognoverit
694 417 831 484 fueritque
842 433 892 485 pro
904 422 982 483 parte
992 415 1187 484 inquisitorum
1197 417 1291 485 hujus·

69 497 147 553 nodi
158 517 204 556 seu
214 501 327 556 alterius
338 517 432 554 eorum
442 500 567 570 legitime
578 500 733 568 requisitus,
746 500 904 554 solemniter
914 500 1068 569 publicans,
1078 515 1134 554 non
1152 499 1292 567 permittat

66 586 111 630 ⁶⁰⁸
140 599 186 650 per
203 600 387 650 quoscumque
403 600 485 649 snper
500 583 553 638 hoc
570 591 666 637 contra
681 582 883 650 praedmtarum
902 587 929 637 et
946 583 1131 649 praesentium
1147 583 1290 638 literarum

63 652 191 720 ¹turonem
201 667 297 733 quavis
307 667 470 720 auctoritate
481 665 618 720 molestari
642 683 689 720 seu
706 666 775 719 alias
791 665 995 732 quomodolibet
1009 665 1150 732 impediri;
1169 665 1292 719 molesta·

58 736 147 801 ¹⁰¹⁴oe
156 753 181 803 44
195 747 373 815 impedientes
384 753 411 803 44
427 749 640 802 contradictores
655 747 790 815 quoslibet
808 753 836 802 44
852 747 976 809 rebelles,
988 753 1184 815 cujuscumque
1200 747 1290 816 digni·

55 816 147 895 ἥδε,
165 836 257 893 status,
272 831 383 899 gradm,
401 830 639 898 praeeminentiae,
661 828 812 884 nobilitatis
829 836 857 884 44
871 830 1047 885 excellentiae
1062 835 1110 884 sut
1126 829 1291 884 conditionis

53 893 219 986 1116114444
240 929 411 980 quocumque
432 913 612 981 exemptionis
634 913 780 982 privilegio
801 914 857 967 sint
873 913 984 977 muniti,
1003 931 1052 982 per
1073 913 1289 968 excommunica·

52 977 163 1066 t{fluis
173 995 356 1063 suspensionis
366 1002 393 1050 et
408 995 548 1051 interdicti
565 1014 598 1051 ac
621 997 689 1051 alias
705 997 788 1050 etiam
812 995 1050 1059 formidabiliores,
1069 997 1103 1050 de
1123 996 1222 1063 quibus
1238 992 1291 1049 sibi

52 1062 380 1140 11(14414444444444144,
398 1094 526 1132 censuras
537 1083 564 1133 44
576 1093 686 1146 poenas,
705 1079 779 1132 omni
797 1078 979 1145 appellatione
997 1079 1152 1147 postposita,
1171 1093 1289 1144 compes·

55 1150 165 1226 981410,
187 1164 214 1212 44
230 1159 313 1213 etiam
334 1159 466 1227 legitimis
481 1178 563 1227 super
578 1160 622 1214 his
643 1178 692 1229 per
708 1178 771 1215 eum
787 1159 927 1214 servandis
944 1160 1124 1227 processibus,
1143 1157 1291 1211 sententias

56 1231 152 1309 {Ns
163 1242 287 1307 quotiens
295 1258 363 1309 opus
373 1242 465 1306 fuerit,
478 1259 630 1310 aggravare
642 1249 668 1297 et
679 1257 862 1312 reaggrevare
874 1241 1037 1296 auctoritate
1049 1245 1141 1294 nostra
1152 1245 1289 1306 procurat,

60 1314 196 1376 1¹¹vineato
207 1324 241 1376 ad
252 1323 311 1378 hoe
322 1324 345 1376 si
356 1340 424 1391 opus
433 1325 526 1388 fuerit,
539 1325 644 1380 auxilio
657 1325 763 1379 brachii
774 1324 932 1378 saecularis.

102 1395 166 1457 Non
184 1405 353 1461 obstantibus
368 1407 522 1472 praemissis
538 1425 571 1461 ac
589 1408 830 1462 constitutionibus
846 1412 874 1462 44
893 1406 1114 1462 ordinationibus
1131 1402 1290 1472 apostolicis

70 1487 216 1542 censeriis
227 1487 455 1554 quibuscumque,
468 1495 518 1543 440.

32 1596 39 1613 ·
106 1568 181 1624 Nulli
190 1586 268 1637 ergo,
280 1575 335 1624 440.
353 1569 463 1637 Siquis,
477 1576 529 1626 440.

105 1650 204 1706 Datum
229 1650 332 1707 Romae
353 1653 425 1720 apud
446 1653 472 1706 S.
498 1653 620 1717 Petrum,
643 1669 717 1707 anno
739 1651 938 1706 incarnationis
959 1650 1127 1714 Dominicae,
1145 1647 1289 1705 millesimo

76 1734 338 1804 quadringentesimo
358 1735 543 1804 octuagesimo
569 1741 676 1803 quarto,
701 1752 786 1790 nonas
807 1734 973 1799 Decembris,
1002 1735 1176 1802 pontificatus
1204 1729 1290 1785 nostri

73 1829 145 1870 anno
162 1830 267 1883 primo.

330 1931 467 1998 Mopsum
481 1929 643 1983 Baliarium
656 1929 823 1995 Romanum,
836 1929 896 1984 1441
908 1929 929 1994 l,
943 1929 994 1984 blz.
1008 1931 1123 1984 429430.
1135 1955 1169 1968 ·-
1187 1925 1288 1996 Ripoll,

363 2011 423 2066 1441
434 2010 480 2076 IV,
493 2012 544 2066 blz·
557 2016 572 2065 2
586 2015 657 2076 443,
670 2015 741 2066 443.

632 2232 724 2304 376.

116 2422 223 2501 1484,
248 2421 432 2488 December
457 2425 514 2503 17,
542 2425 691 2512 Bruppe.
716 2426 785 2491 Een
810 2422 1158 2492 Christuslooehenaar
1180 2424 1288 2491 werdt

62 2525 184 2592 aldaar
207 2545 270 2590 ean
287 2524 327 2588 14
348 2524 435 2591 kaak
463 2527 590 2611 gesteld
615 2549 655 2594 en
672 2529 759 2614 zijne
781 2532 863 2613 teng
879 2533 944 2594 met
970 2546 1073 2593 senen
1096 2527 1286 2612 gloeienden

63 2629 172 2714 priam
189 2625 381 2694 doorboord.

101 2809 180 2873 Item,
191 2825 230 2876 up
240 2810 292 2864 den
304 2812 376 2864 l‘lden
392 2813 462 2866 dach
479 2814 509 2867 in
526 2815 682 2879 December,
695 2832 766 2869 anno
778 2818 851 2879 1484,
864 2816 916 2869 100
928 2831 984 2868 was
995 2831 1079 2868 senen
1090 2830 1154 2869 man
1165 2816 1286 2883 ghesteld

63 2912 106 2962 up
117 2910 169 2947 een
179 2892 313 2946 schavood
324 2893 360 2960 by
366 2895 504 2963 justicyen
514 2914 581 2950 voor
591 2897 674 2951 thuns
685 2915 737 2951 van
750 2900 802 2954 den
815 2900 915 2968 Vryen,
930 2899 997 2953 ende
1012 2902 1068 2951 met
1085 2913 1135 2952 een
1154 2898 1286 2966 gloyende

63 2976 163 3031 helsen
175 2975 243 3027 duer
254 2990 304 3041 syn
320 2978 422 3045 tonghe
436 2979 593 3047 ghestelsen,
612 2980 681 3034 ende
696 2981 744 3035 dat
759 2985 802 3036 ter
813 2998 894 3036 causa
905 2998 949 3036 om
966 2981 1013 3036 dat
1029 2979 1066 3046 hy
1077 2977 1288 3032 lesus-Christus

63 3051 247 3124 ghebenedyd
258 3051 446 3119 gheloochend
459 3057 555 3111 hadde.

332 3164 386 3218 Het
396 3167 478 3221 boeot
490 3185 544 3222 oon
557 3169 587 3223 ol
600 3171 616 3221 't
624 3185 703 3237 pesse,
716 3186 784 3232 044..
798 3169 848 3223 blz.
861 3173 901 3225 70.

635 3373 724 3445 alt.

119 3565 224 3645 1489,
251 3565 424 3634 Febrseem'
444 3568 502 3647 24,
532 3564 687 3654 Bruppe.
710 3542 858 3654 Wegens
885 3567 1127 3655 godslastering
1152 3569 1286 3638 worden

66 3671 160 3734 twee
185 3689 324 3736 mannen
353 3669 466 3736 aldaar
488 3690 550 3735 ean
577 3669 617 3735 de
644 3670 730 3738 kaak
758 3670 895 3756 gesteld‚
914 3691 1070 3740 waarvan
1091 3693 1194 3739 senen
1219 3678 1284 3741 met

67 3789 177 3839 eenen
193 3772 382 3856 gloeienden
399 3772 501 3856 priam
517 3771 556 3839 de
568 3778 648 3860 teng
665 3772 844 3840 doorboord
855 3773 958 3840 werd.

103 3956 173 4012 Item
190 3975 227 4025 up
243 3958 295 4012 den
311 3962 390 4012 2444ωι
405 3959 474 4013 1404
490 3959 519 4013 in
536 3958 677 4026 Spurlsele,
695 3974 767 4012 anno
784 3962 825 4021 89,
842 3959 893 4013 doe
910 3976 940 4013 zo
956 3977 1011 4014 was
1028 3959 1124 4014 binder
1143 3960 1216 4015 stede
1232 3977 1286 4014 van

66 4039 204 4106 Brugghe
212 4056 261 4093 444
272 4039 400 4095 schavoot
423 4042 565 4110 ghemaect
572 4040 601 4094 in
613 4041 665 4094 den
674 4040 775 4104 Burch,
794 4042 863 4095 ende
874 4041 920 4095 dat
930 4046 973 4096 ter
983 4059 1063 4096 cause
1074 4059 1118 4095 om
1130 4046 1146 4097 2
1157 4059 1282 4106 mannen,

65 4122 117 4177 die
124 4122 191 4177 daer
202 4139 238 4190 up
249 4123 365 4191 ghestelt
376 4135 467 4179 waren
478 4145 485 4191 3
498 4125 550 4179 den
561 4141 644 4178 senen
662 4123 719 4178 hiet
735 4123 820 4192 Jacop
831 4140 884 4179 van
895 4125 947 4179 den
958 4126 1085 4190 Busschc,
1096 4127 1246 4195 gheheeten
1257 4128 1286 4183 in
