3194 5408
311 536 360 586 :368
864 528 964 583 ANNO
983 531 1059 582 1160

312 671 560 738 publiquemonten
573 672 599 724 16
616 669 708 736 prison
719 670 752 723 (16
770 670 896 736 leveque,
916 687 946 722 66
965 686 1017 736 quo
1032 669 1081 722 soit
1105 667 1171 722 ledit
1188 667 1327 722 chevalier
1343 672 1373 721 et
1393 667 1464 735 prist
1480 667 1545 721 ledit

312 752 342 806 Sr
350 754 383 805 de
396 753 534 805 Beauffort
545 768 595 819 par
606 752 631 803 lo
641 752 703 804 bros
714 755 741 804 61
752 752 866 804 lemene
877 749 1082 818 publiquement
1094 756 1170 804 entre
1181 749 1222 817 iiij
1235 753 1263 803 et
1271 767 1288 801 v
1300 749 1403 803 1166166
1412 766 1448 802 66
1461 749 1544 802 ledite

312 836 364 889 cite
376 853 408 889 66
422 836 448 888 16
460 835 551 902 prison
563 834 596 887 (16
613 833 747 900 l'eveque3
760 838 787 887 et
798 834 914 887 nllerent
926 835 1040 902 jusques
1052 850 1086 887 en
1103 833 1185 887 ladite
1197 832 1291 900 prison
1304 831 1447 900 plusieurs
1459 832 1543 886 deses

311 920 354 972 fils
366 923 393 972 et
410 935 467 985 ung
487 923 593 972 nomme
612 917 728 984 leoques
750 916 925 978 Guillemont,
945 918 1034 985 lequel
1055 917 1128 971 evoit
1146 922 1244 985 epouse
1256 933 1286 969 se
1304 933 1383 969 soeur
1407 915 1540 978 hasbanie,

312 1002 401 1069 lequel
413 1001 528 1068 deoques
540 1000 619 1054 estoit
631 1000 673 1052 hls
685 1000 747 1053 (166
763 1000 876 1052 6666166
888 1001 1006 1063 d'Arras,
1020 1005 1048 1054 61
1058 1000 1147 1067 lequel
1158 1000 1275 1067 lacones
1286 999 1343 1052 fust
1354 996 1431 1051 aussi
1442 998 1541 1051 detenu

312 1084 467 1153 prisonnier
482 1100 548 1136 eveo
564 1083 631 1137 ledit
648 1083 678 1136 Sr
695 1083 729 1136 de
746 1083 894 1146 Beauffort,
913 1100 1018 1137 comme
1038 1089 1135 1137 accuse
1151 1084 1246 1138 d'oetre
1269 1080 1417 1145 veuldois3
1441 1080 1541 1148 ioelluy

312 1164 428 1229 dooques
440 1162 511 1216 usoit
522 1162 555 1216 (16
566 1161 662 1230 guorir
672 1179 739 1229 gens
755 1162 789 1215 de
807 1162 902 1215 fievres
919 1179 970 1229 par
989 1164 1106 1230 parollos
1117 1167 1172 1230 ety
1188 1163 1299 1220 avoient
1318 1164 1458 1233 plusieurs
1475 1181 1540 1232 gens

312 1244 428 1307 11666116,
441 1242 510 1295 mnis
519 1242 621 1296 e'estoit
632 1247 725 1296 666116
734 1242 760 1295 16
772 1243 944 1296 mendement
956 1244 989 1295 (16
1001 1242 1070 1296 Dieu
1083 1247 1110 1297 61
1118 1244 1152 1296 (16
1163 1244 1274 1313 l’eglise.

345 1327 383 1380 Le
395 1325 548 1380 lendemain
566 1325 621 1378 fust
637 1323 709 1377 aussi
725 1329 828 1390 onvoye
840 1322 941 1391 querir,
955 1340 1060 1377 comme
1071 1330 1168 1378 accuse
1179 1326 1274 1381 d'estre
1285 1326 1423 1393 veuldois,
1445 1327 1540 1383 nudes

311 1411 413 1479 subjets
424 1409 502 1463 dudit
514 1408 544 1461 Sr
555 1409 589 1462 (16
600 1407 749 1470 Beeuffort,
764 1412 871 1459 nomme
884 1405 995 1474 Rogier.

573 1533 721 1585 Memoires
732 1529 767 1582 de
778 1530 894 1599 Jacqttos
907 1531 946 1582 du
958 1529 1060 1600 616166,
1074 1530 1134 1585 (1661
1145 1531 1194 1597 Ill,
1207 1533 1257 1587 blz.
1271 1537 1359 1589 31135.

882 1719 967 1785 312.

358 1910 462 1986 1460,
482 1909 555 1974 Jutz·
569 1911 602 1984 7,
622 1907 774 1973 Atreobt.
791 1908 917 1973 Vonnis
936 1909 1016 1975 door
1039 1909 1079 1975 de
1095 1911 1453 1996 vicarissen-generanl
1477 1931 1539 1978 van

310 2015 374 2080 Jan
390 2011 549 2098 Jouffroy,
568 2009 719 2095 bissohop
736 2030 799 2075 van
817 2011 970 2091 Atreoht‚
987 2033 1026 2078 en
1045 2013 1125 2080 door
1141 2014 1204 2079 (166
1219 2014 1420 2101 predikheer
1431 2015 1541 2081 Pistor

311 2117 555 2190 Lesbroussart,
583 2115 700 2179 viceris
728 2114 762 2177 in
790 2112 953 2180 ’tbisdom
983 2116 1125 2182 Atrecht
1155 2137 1221 2182 van
1248 2117 1312 2184 den
1340 2117 1540 2204 predikheer

311 2220 438 2288 Roland
457 2220 498 2284 Le
514 2218 617 2295 Corio,
637 2217 841 2304 pauselijken
859 2218 1052 2302 inquisiteur
1068 2221 1102 2285 in
1118 2221 1176 2287 het
1193 2221 1388 2308 koninkrijk
1413 2221 1541 2288 Frank·

310 2323 388 2412 rijk,
406 2322 639 2408 nitgesproken
663 2326 761 2406 legen
788 2321 851 2387 lan
880 2321 999 2400 DuboS‚
1019 2322 1120 2389 Jacob
1136 2325 1175 2389 de
1200 2324 1362 2402 Bailloeul,
1383 2324 1483 2392 Gillis
1503 2326 1542 2390 (16

310 2429 498 2502 1116666611,
509 2425 664 2491 Nikolaas
681 2424 720 2489 de
736 2425 919 2502 Geverede,
932 2425 1044 2491 Coleta
1057 2427 1099 2492 dn
1113 2426 1195 2514 Gey,
1206 2427 1359 2493 Johanna
1373 2428 1539 2516 Beyarde‚

309 2530 495 2596 Katharina
507 2530 699 2606 Fournette,
715 2528 928 2612 Margaretha
942 2529 1121 2595 Briseleme
1135 2550 1176 2595 en
1188 2530 1342 2595 Johenna
1352 2531 1402 2596 De
1416 2531 1544 2598 Wisse·

309 2633 437 2699 mande.
457 2671 493 2680 -
509 2633 553 2696 De
566 2631 917 2715 vicarissen·genernal
931 2651 972 2696 66
986 2632 1024 2697 de
1038 2631 1543 2718 66166166616116611611116166,

307 2736 365 2803 (161
375 2736 415 2820 zij
432 2736 461 2800 61
475 2734 514 2799 de
531 2734 674 2800 stukken
691 2755 755 2799 van
772 2733 831 2798 het
847 2734 969 2819 geding
984 2736 1177 2821 zorgvuldig
1193 2734 1322 2802 hebben
1338 2737 1546 2804 onderzocht

307 2859 348 2903 66
366 2839 428 2902 (166
446 2838 524 2903 rand
538 2858 602 2903 van
616 2837 687 2903 veel
705 2835 783 2921 god·
796 2858 837 2902 en
855 2836 1143 2922 rechtsgeleerden
1157 2837 1284 2905 hebben
1301 2839 1543 2925 ingewonnen.

308 2943 435 3026 Deerop
452 2941 543 3025 volgt
561 2941 618 3006 het
636 2940 792 3026 eigenlijk
809 2939 939 3005 vonnis.
958 2941 995 3004 16
1012 2961 1108 3007 naam
1123 2942 1182 3007 der
1199 2943 1241 3008 H.
1256 2942 1544 3029 Drievuldigheid‚

308 3044 486 3129 aengezien
501 3043 551 3109 nit
563 3044 602 3108 de
615 3042 869 3108 bekentenissen
882 3041 941 3107 der
952 3043 1119 3109 betichten
1132 3045 1161 3111 is
1174 3044 1347 3130 gebleken‚
1363 3047 1424 3113 (161
1437 3046 1480 3134 zij
1497 3051 1549 3113 tot

309 3148 347 3213 de
364 3155 451 3214 secte
469 3147 526 3212 der
539 3146 745 3212 Waldenzen
761 3144 928 3210 behooren
946 3167 986 3210 66
1003 3147 1128 3211 allerlei
1144 3148 1397 3236 afsehnwelijke
1410 3147 1549 3215 11611611-

309 3251 432 3335 kingen
450 3258 516 3315 met
532 3249 658 3314 duivels
677 3247 803 3313 hebben
818 3248 936 3332 gehad
954 3248 1088 3314 worden
1106 3251 1146 3335 zij
1165 3252 1252 3316 allen
1264 3251 1298 3315 in
1311 3252 1375 3316 den
1389 3250 1547 3318 kerkban

308 3356 476 3439 goslagen.
497 3354 616 3418 Hunne
632 3352 794 3437 goederen
812 3352 948 3416 worden
972 3350 1133 3418 verbeurd
1151 3353 1335 3430 verklaard
1355 3354 1399 3419 de
1425 3376 1548 3422 onroe·

309 3457 409 3522 rende
426 3466 481 3522 166
500 3456 671 3521 voordeele
687 3475 752 3519 van
776 3454 816 3519 de
839 3453 1013 3541 grelelijke
1038 3455 1213 3532 schatkist‚
1234 3457 1273 3522 de
1299 3459 1467 3524 roerende
1496 3466 1549 3526 161

310 3559 455 3644 dekking
482 3559 541 3624 der
568 3558 801 3642 prooeskosten
830 3578 870 3622 66
899 3558 1158 3643 ondersteuning
1182 3559 1240 3624 der
1266 3560 1451 3645 Inquisitio.
1482 3563 1547 3629 Jan

309 3662 416 3729 Dubos
446 3684 486 3727 en
514 3662 670 3728 Nikolaas
698 3661 738 3725 (16
769 3661 941 3726 Gaverelle
973 3661 1109 3726 worden
1141 3667 1191 3728 tot
1219 3683 1298 3728 6666
1326 3664 1549 3752 levenslange

309 3766 510 3851 gorangenis
528 3762 741 3830 veroordeeld
759 3762 947 3828 behoudens
971 3763 1161 3848 vergiffenis
1178 3787 1241 3831 ven
1258 3765 1319 3830 den
1336 3764 1497 3855 bisschop
1515 3767 1554 3835 os

310 3890 373 3935 van
391 3869 430 3936 de
446 3867 798 3952 vicerissen-generaal
817 3867 961 3933 melden
981 3867 1289 3951 onderinquisiteur.
1310 3869 1353 3934 Al
1370 3870 1414 3936 de
1435 3873 1549 3938 oreri-

309 3993 373 4057 gen
392 3974 526 4038 worden
543 3973 592 4038 als
611 3975 758 4036 verrotte
773 3969 869 4035 leden
893 3991 956 4034 nan
981 3970 1019 4034 de
1038 3971 1240 4058 wereldlijke
1263 3971 1375 4038 macht
1405 3994 1551 4061 overge-

309 4076 432 4153 leverd,
452 4080 520 4140 met
536 4075 576 4140 de
593 4072 674 4138 bede
692 4074 748 4138 (161
773 4075 814 4160 zij
840 4073 925 4137 noch
954 4072 1079 4157 gedood
1107 4075 1192 4139 noch
1219 4074 1388 4141 verminkt
1417 4079 1551 4145 zouden

309 4180 456 4246 worden.
476 4180 642 4263 Degenen,
663 4177 714 4243 die
731 4175 864 4241 berouw
882 4176 1007 4242 zouden
1021 4178 1190 4261 gevoelen,
1210 4177 1315 4242 zolde
1333 4181 1551 4271 wereldlijke

310 4284 420 4349 macht
438 4283 506 4349 niet
523 4281 669 4348 beletten
686 4285 719 4346 te
735 4278 889 4345 biechten
904 4300 944 4344 en
961 4280 1001 4344 de
1018 4281 1198 4346 communie
1215 4284 1248 4345 16
1264 4284 1476 4369 ontvengen.

344 4467 483 4524 Universis
500 4473 653 4535 praesentes
672 4466 776 4521 litteras
798 4466 967 4534 inspecturis,
986 4467 1082 4520 vicarii
1101 4468 1241 4535 generales
1256 4466 1287 4520 in
1303 4467 1508 4535 spiritualibus
1525 4480 1553 4527 61

310 4551 504 4619 temporalibus
533 4549 675 4606 reverendi
696 4549 725 4603 in
747 4548 853 4604 Christo
884 4549 969 4616 patris
986 4552 1013 4604 61
1030 4549 1134 4606 domini
1152 4548 1246 4614 nostri,
1270 4549 1377 4605 domini
1396 4552 1552 4622 Johennis,
