3194 5408
609 521 710 576 ANNO
729 523 809 576 1221ι
1293 528 1325 579 71

46 660 200 716 omnibus
224 661 402 727 habeantur,
421 662 461 719 ita
477 663 550 732 quod
566 662 589 717 si
606 663 646 717 sie
662 680 711 731 per
728 680 832 717 annum
849 662 1055 731 permanserint,
1076 667 1175 718 extunc
1191 681 1236 718 eos
1253 664 1324 720 sieut

45 743 210 799 hereticos
225 748 478 814 condempnemus.

84 826 273 881 Statuimus
286 829 372 882 etiam
384 829 435 882 hee
452 829 524 882 edite
536 829 565 883 in
578 836 739 897 perpetuum
754 830 882 889 vatione,
896 833 927 883 ut
938 834 1082 896 potestates
1094 835 1121 884 et
1138 833 1262 885 consules
1274 851 1320 885 seu

48 920 203 974 rectores,
219 912 449 979 quibuscumque
465 913 617 980 fungantur
634 906 739 974 officiis,
753 929 802 979 pro
822 913 976 966 defensione
995 914 1057 966 tidci
1076 918 1195 980 prestent.
1213 915 1321 981 publice

50 994 283 1056 iuramentum,
303 995 378 1061 quod
397 995 431 1048 dc
450 995 530 1048 terris
547 1013 594 1049 sue
614 995 796 1048 iurisdietioni
816 996 944 1050 subiectis
965 996 1105 1049 universos
1125 996 1267 1061 hereticos,
1285 999 1320 1051 ab

52 1075 188 1128 eeclesia
202 1077 369 1139 denotatos,
389 1078 523 1130 bonafide
539 1096 589 1146 pro
600 1078 705 1132 viribus
717 1079 899 1132 exterminare
910 1080 1064 1132 studebunt.
1079 1079 1120 1132 lta
1138 1081 1209 1146 quod
1223 1081 1319 1134 amodo

55 1160 317 1226 ‹piandocumque
330 1160 391 1226 quis
408 1161 490 1214 fuerit
509 1161 537 1212 in
556 1166 714 1228 potestatem
727 1165 885 1229 perpetuam
903 1163 945 1214 vel
964 1161 1139 1228 temporalem
1155 1171 1317 1231 assumptus,

56 1241 113 1296 hoc
145 1248 296 1297 teneatur
319 1242 468 1308 capitulum
491 1243 645 1297 iuramento
669 1243 787 1295 firmare.
810 1242 940 1309 Alioquin
961 1260 1047 1310 neque
1070 1260 1119 1310 pre
1143 1247 1319 1311 potestatibus

59 1344 158 1394 neque
172 1344 234 1395 pro
248 1327 409 1380 consulibus
420 1326 582 1390 habeantur,
595 1345 744 1394 eorumque
759 1327 905 1381 sententias
916 1345 949 1380 ex
966 1331 1033 1381 tune
1044 1328 1214 1381 deceruimus
1225 1327 1318 1383 irritas

61 1420 88 1462 et
100 1408 224 1462 inanes.
248 1408 281 1462 Si
299 1426 366 1463 vere
377 1411 508 1464 Dominus
525 1411 682 1478 temporalis
694 1410 842 1476 requisitus
853 1414 880 1464 et
896 1410 1016 1464 monitus
1032 1410 1067 1462 ab
1085 1411 1200 1463 ecclesia
1216 1418 1317 1466 terram

63 1508 148 1545 suam
161 1508 298 1560 purgare
311 1493 461 1561 neglexerit.
478 1494 512 1546 ab
524 1494 645 1548 heretica
657 1494 798 1561 pravitate,
816 1498 875 1560 post
887 1509 989 1546 annum
1000 1510 1017 1545 a
1028 1499 1149 1559 tempore
1161 1494 1318 1547 monitionis

65 1575 201 1641 elapsrun
216 1580 324 1628 terram
342 1575 427 1642 ipsius
443 1577 602 1643 exponimus
619 1576 760 1630 catholicis
777 1576 972 1644 occupandam,
992 1574 1038 1642 qui
1051 1592 1111 1628 earn
1131 1576 1317 1631 exterminatis

65 1657 209 1711 heret-icis
227 1659 334 1725 absque
354 1659 411 1713 ulla
428 1659 642 1713 contradictione
659 1660 813 1726 possideant
828 1663 855 1712 et
872 1659 901 1711 in
917 1657 980 1711 fidei
998 1658 1116 1725 puritate
1137 1662 1313 1723 conservent3

10 1738 13 1745 '
68 1741 148 1795 salso
167 1740 236 1794 iure
252 1741 360 1796 domini
376 1742 543 1809 principalis,
557 1742 622 1795 dum
634 1743 714 1796 modo
736 1758 818 1809 super
834 1741 885 1794 hcc
903 1741 1010 1794 nullum
1028 1744 1128 1808 prestet
1145 1740 1315 1795 obstaculum

71 1840 122 1876 nee
141 1823 264 1891 aliquod
285 1823 509 1892 impedimentum
528 1830 663 1892 opponat:
687 1825 781 1878 eadem
799 1824 993 1877 nichilominus
1012 1824 1073 1892 lege
1093 1828 1199 1878 servata
1219 1829 1315 1878 contra

72 1923 118 1958 eos
142 1905 196 1973 qui
220 1924 277 1960 non
300 1907 403 1961 habent
424 1908 547 1961 dominos
569 1907 740 1976 principales.
767 1908 911 1962 Credentes
940 1911 1093 1973 praeterea,
1118 1912 1311 1974 receptatores,

73 1988 235 2042 defensores
245 2000 274 2042 et
281 1989 402 2042 lautores
410 1990 593 2043 hereticorum
606 1989 758 2051 bannimus,
777 1989 893 2042 tirmiter
909 1992 1065 2052 statuentes,
1079 1993 1110 2042 ut
1126 1989 1158 2051 si,
1171 1993 1313 2056 postquam

74 2072 195 2138 quilibet
215 2072 317 2125 talium
337 2072 420 2125 fiterit
437 2073 716 2127 excommunicatione
729 2077 845 2132 notatus,
858 2072 1013 2125 satisfacere
1031 2071 1223 2138 contempserit
1239 2072 1312 2125 infra

73 2171 192 2215 anuum,
205 2162 309 2208 extunc
321 2155 381 2221 ipso
398 2155 457 2208 iure
472 2156 508 2210 sit
524 2157 611 2209 faetus
622 2155 740 2217 infamis,
753 2173 803 2208 nce
821 2155 850 2207 in
862 2154 972 2221 publica
983 2155 1073 2207 officia
1084 2172 1130 2207 seu
1144 2153 1257 2208 consilia
1269 2155 1312 2208 vel

74 2238 109 2289 ad
127 2237 274 2304 eligendos
291 2237 398 2303 aliquos
418 2239 452 2291 ad
475 2239 632 2306 hujusmodi
655 2256 704 2291 nec
725 2239 759 2290 ad
782 2238 966 2291 testimonium
987 2238 1155 2300 admittatur,
1174 2236 1209 2289 sit
1228 2237 1310 2290 etiam

73 2318 245 2373 intestabilis
263 2336 315 2373 nec
330 2321 485 2374 testamenti
503 2321 616 2374 liberam
638 2321 736 2375 habeat
753 2320 907 2381 factionem,
924 2338 972 2372 nec
989 2321 1023 2373 ad
1040 2319 1198 2373 hereditatis
1209 2337 1311 2372 sueces-

73 2404 181 2456 sionem
203 2403 337 2465 accedat3
362 2403 453 2456 nullus
475 2403 500 2455 ei
524 2410 647 2470 preterea
670 2421 751 2470 super
773 2420 943 2470 quocumque
967 2403 1085 2471 negotio,
1107 2406 1147 2455 set
1170 2400 1226 2468 ipse
1249 2399 1311 2453 aliis

73 2486 242 2554 respondere
254 2489 382 2553 cogatur.
397 2485 450 2548 Qui
469 2485 490 2538 si
511 2486 580 2540 forte
601 2487 683 2539 iudex
700 2485 830 2547 extiterit,
844 2486 902 2539 eius
919 2485 1051 2540 sententia
1068 2485 1172 2539 nullam
1189 2483 1310 2551 optineat

74 2569 235 2623 timritatem
249 2587 302 2623 nec
316 2587 396 2623 cause
408 2570 499 2637 alique
514 2571 548 2623 ad
560 2569 618 2623 eius
629 2569 796 2623 audientiam
809 2569 997 2636 perferantur3
1014 2568 1037 2620 si
1054 2568 1137 2621 fuerit
1152 2567 1307 2628 advocatus,

72 2650 134 2704 eius
153 2652 345 2720 patrocinium
366 2653 521 2706 nullatenus
540 2652 719 2719 admittatur3
737 2653 760 2705 si
778 2651 896 2715 tabellio,
918 2651 1098 2705 instrumenta
1118 2651 1241 2703 confecta
1260 2665 1309 2716 per

71 2733 153 2787 illurn
165 2735 273 2789 nullius
285 2734 395 2803 penitus
406 2736 460 2789 siut
471 2735 610 2789 momenti.

346 2835 435 2897 Pertz,
457 2836 648 2899 Mmrumenta,
670 2834 766 2902 Lepos,
790 2835 850 2888 dccl
873 2835 911 2898 11,
936 2836 986 2890 blz.
1011 2840 1129 2890 212212.
1151 2837 1305 2903 (Boehmer,

377 2919 497 2984 Reperio
517 2921 639 2987 imperii,
659 2918 718 2970 decl
740 2917 773 2980 V,
796 2922 881 2971 ecrste
901 2918 973 2981 stuk,
988 2919 1037 2972 blz.
1057 2924 1114 2984 262,
1134 2923 1307 2986 1111203).-

378 3002 450 3055 Ovcr
469 3003 503 3056 dc
520 3007 619 3055 wetten
636 3018 689 3054 ran
708 3000 799 3053 keizer
815 3001 946 3054 Frederik
964 3001 990 3054 II
1002 3008 1082 3070 tegen
1094 3004 1128 3056 de
1144 3003 1254 3066 ketters,
1267 3004 1307 3057 zie

378 3084 404 3136 J.
422 3083 530 3146 Ficker,
545 3084 595 3133 nie
609 3080 777 3148 pesctzliebe
795 3081 979 3150 Eiasr'tlzrurrq
996 3084 1046 3134 der
1067 3084 1240 3151 Tedrsstrase
1256 3087 1305 3152 fiir

378 3166 522 3228 Ketaerei,·
533 3165 559 3218 J.
574 3165 669 3228 Havct,
689 3164 825 3216 L'he'rare
836 3172 860 3215 et
881 3165 906 3216 le
923 3165 989 3218 bras
1007 3168 1125 3218 sectilia·
1147 3184 1184 3219 aa
1204 3184 1304 3235 moyen

376 3257 428 3313 ape
438 3250 578 3317 jusqa’cu
590 3252 732 3301 treisttme
744 3249 842 3311 siecle,-
853 3267 887 3302 cn
900 3250 964 3312 Lea,
977 3250 1094 3316 Histcry
1105 3264 1132 3318 ο)
1145 3250 1192 3304 tue
1208 3253 1303 3321 Inqui-

372 3341 467 3401 sitioa,
477 3337 537 3390 decl
548 3337 568 3400 1,
583 3337 633 3390 blz.
648 3341 704 3398 221,
718 3340 775 3397 221,
790 3340 847 3398 233,
860 3355 916 3390 enz.

652 3496 715 3566 ⁷2.

122 3656 227 3730 1227,
248 3655 336 3719 luni
350 3655 404 3729 12,
421 3656 574 3741 Ancaei.
595 3654 653 3720 Bul
672 3675 735 3719 vau
754 3675 834 3740 paus
851 3656 1029 3740 Gregorius
1044 3656 1094 3721 IX
1110 3656 1237 3741 gericht
1254 3660 1302 3722 tet

70 3761 139 3825 den
151 3757 397 3843 predikheer(‘l)
409 3757 583 3823 Koenraad
597 3779 659 3823 van
672 3757 838 3842 Marburg,
855 3759 1047 3843 inquisiteur
1059 3761 1090 3824 iu
1101 3759 1301 3825 chuitsche

71 3862 200 3928 landen
217 3861 277 3945 (l),
298 3862 372 3926 dien
391 3861 434 3948 hij
466 3882 544 3925 over
567 3863 675 3948 zijuen
705 3861 786 3947 ijver
811 3863 844 3926 in
869 3862 908 3927 de
925 3863 1228 3948 kettervervclging
1255 3864 1304 3928 los

69 4006 623 4016 ———...—---——--—-—-——-——-
838 4011 870 4015 --
890 4011 982 4017 ——
1005 4012 1041 4016 -—
1067 4012 1274 4018 ——-—-.------

104 4074 143 4134 (1)
161 4070 235 4121 Over
251 4068 334 4121 dezcn
351 4067 522 4134 inquisitcur,
542 4068 581 4121 zie
600 4069 746 4133 liausrath,
760 4071 878 4123 Koaract
897 4089 952 4124 raa
972 4073 1110 4139 ilar-bury
1126 4072 1300 4141 (Heidelberg

69 4155 158 4215 lau),
170 4151 276 4211 Heuke,
290 4151 375 4203 zclsde
387 4151 445 4204 titel
458 4152 601 4220 (blarburg
613 4156 685 4217 rael)
698 4171 731 4206 cn
744 4154 887 4207 Bulthasur
896 4155 1018 4213 Kaltner,
1032 4155 1150 4208 Ii'onrcd
1159 4173 1213 4207 von
1222 4157 1298 4208 Mar-

67 4235 145 4301 barry
159 4232 220 4284 uud
232 4234 279 4285 die
290 4234 459 4302 Inquisitioa
472 4238 501 4284 in
518 4235 704 4287 Deatsetrlcad
724 4237 825 4303 (Praug
839 4242 910 4303 1882)
922 4238 1016 4292 alscok
1034 4240 1065 4290 de
1083 4238 1299 4307 merkwaardige

65 4316 196 4372 recensio
207 4333 261 4369 van
275 4317 350 4369 Pref.
363 4317 412 4369 Cb.
426 4317 556 4370 Melinier
567 4335 632 4370 orer
640 4319 680 4372 dit
693 4320 787 4373 laatste
796 4321 871 4373 wcrk
885 4322 911 4373 iu
924 4323 957 4373 de
974 4322 1066 4375 Rcvae
1082 4320 1235 4389 dicturique
1246 4337 1300 4373 run

66 4401 171 4464 Parijs,
195 4399 253 4453 tuli
267 4403 340 4459 1881,
359 4400 419 4452 dccl
436 4400 526 4462 XXV,
541 4401 591 4453 blz.
606 4406 723 4463 408-414,
739 4421 773 4456 cn
791 4404 853 4461 Lea,
874 4405 992 4470 Historp
1011 4406 1046 4470 cs
1057 4403 1101 4455 the
1117 4405 1295 4472 inquisition,

64 4483 130 4537 dccl
143 4482 178 4545 11,
202 4483 253 4535 blz.
268 4486 326 4539 325.
339 4499 413 4534 waar
425 4483 571 4550 bet-wijscld
580 4486 666 4537 werdt
679 4485 725 4539 dat
736 4486 880 4540 Kcenraad
891 4504 942 4539 ran
954 4488 1088 4555 Marburg
1097 4492 1136 4541 tet
1147 4488 1180 4541 de
1189 4486 1296 4554 predik-

64 4565 239 4621 heereuorde
251 4564 397 4618 behoorde.
