3188 5408
571 111 671 165 ANNO
690 107 766 165 1255
1237 113 1283 165 127

95 248 209 303 lareficcs
218 249 253 302 ad
264 249 454 318 extirpandum
466 250 499 303 de
511 267 596 316 regno
608 250 666 318 ipso
677 252 789 319 ejusque
799 246 926 302 districtu
935 245 1100 300 haereticam
1112 248 1283 314 pravitatem,

8 367 12 377 ·
94 331 368 399 exceptistemisdilecti
381 332 430 385 lilii
444 333 543 386 nobilis
559 332 612 386 riri
629 332 748 387 Pictavii
759 335 787 384 et
799 331 913 384 Tolosae
931 329 1048 391 comitis,
1062 328 1091 381 in
1107 329 1206 395 quibus
1221 329 1284 384 fidei

41 446 44 451 -
94 413 286 480 nagcdumcertis
295 413 416 482 personis
424 413 629 482 specialiterest
639 414 823 475 commissum,
831 412 882 465 sub
891 428 937 478 spa
946 410 1079 465 mercedis
1087 415 1214 465 aeternae
1222 411 1287 465 totis

94 501 222 550 umente
233 496 383 560 affectibus,
394 496 433 549 sic
442 496 590 550 efficaciter
601 494 726 564 prosequi
739 493 877 557 studeatis,
889 497 920 547 ut
932 509 981 560 per
991 492 1172 545 solicitudinis
1181 497 1287 546 vestma

93 576 228 640 mamutium
246 578 280 632 de
292 578 413 645 predicto
430 595 516 647 regno
532 596 565 632 ac
582 581 641 646 ejus
652 577 777 632 districtu
796 576 875 630 radix
892 574 1044 643 iniquitatis
1061 574 1215 629 haereticae
1226 592 1286 628 suc-

93 653 171 711 cidatur
184 665 208 714 et
224 659 305 714 vinea
325 660 443 725 Domini,
456 660 642 715 exterminatis
661 659 813 727 vulpeculis
832 675 902 725 quae
919 658 1052 726 perversis
1063 658 1184 711 moribus
1196 659 1284 712 demo

91 733 414 806 limtureandem,sn1ctus
430 744 527 797 afferat
538 743 689 796 catholicae
700 741 835 809 puritatis,
849 740 979 794 facientes
998 740 1074 794 vobis
1092 746 1237 808 qnatemcs
1256 747 1285 795 et

90 815 231 903 clasma,
245 825 274 878 in
292 824 391 892 quibus
411 825 600 893 inquisitiones
621 827 708 880 sactae
720 830 815 878 contra
827 823 978 877 haereticos
989 827 1017 877 ct
1032 840 1172 890 processus
1188 829 1284 877 contra

89 910 140 962 ¹1³⁸oe
148 903 225 960 habiti
243 906 427 972 continentur,
440 926 457 961 a
468 908 633 975 quibuslibet
651 907 837 962 detentoribus
854 906 997 974 assignari.
1018 906 1126 975 Siquos
1143 911 1235 961 autem
1252 907 1285 960 de

86 983 191 1065 invitate
201 989 341 1056 praedicta
352 989 501 1056 culpabiles
512 989 672 1043 inveneritis
680 990 725 1041 vel
743 988 859 1042 inlectos
878 1005 925 1042 seu
934 988 1016 1042 etiam
1026 987 1179 1052 infamatos,
1190 994 1286 1042 contra

20 1092 30 1135 j
83 1073 143 1127 ipsos,
156 1070 202 1124 nisi
219 1072 366 1127 examinati
379 1074 501 1128 absolute
512 1074 597 1127 velint
609 1072 743 1126 mandatis
759 1073 890 1127 ecclesiae
907 1071 1025 1134 obedire,
1039 1089 1144 1126 necnon
1155 1078 1183 1127 et
1194 1090 1289 1141 recep·

81 1143 169 1216 fibras,
188 1155 339 1209 defensores
364 1161 392 1210 et
416 1158 535 1210 fautores
559 1173 663 1219 eorum
683 1157 764 1222 juxta
781 1156 933 1209 sanctiones
950 1155 1104 1219 canonicas,
1122 1156 1286 1210 auctoritate

77 1235 216 1308 ffloetclica,
248 1238 391 1292 hominum
418 1245 492 1294 metu
521 1239 614 1294 divino
640 1240 732 1294 timori
759 1239 918 1307 postposito,
949 1240 1094 1306 procedere
1123 1240 1282 1308 procuretis,

9 1328 14 1395 ξ
74 1316 184 1372 mlocato
202 1320 237 1373 ad
256 1320 318 1383 hoc,
341 1320 365 1374 si
390 1339 458 1389 opus
480 1322 572 1385 luerit,
596 1322 700 1376 auxilio
723 1322 829 1375 brachii
852 1321 995 1384 secularis,
1017 1321 1228 1375 contradictores
1258 1328 1286 1376 et

9 1402 11 1411 '
69 1388 172 1454 alen&
190 1419 238 1470 per
259 1420 388 1457 censuras
403 1405 609 1467 ecclesiasticas,
630 1404 811 1472 appellatione
833 1404 987 1471 postposita,
1001 1391 1210 1471 compescendo3
1230 1421 1283 1457 non

66 1468 226 1538 dannatus
237 1485 375 1553 aliquibus
392 1485 478 1540 literis
495 1487 530 1540 ad
546 1504 721 1555 quoscunque
737 1487 805 1540 alios
827 1486 955 1553 (exceptis
972 1487 1093 1539 locorum
1110 1486 1285 1551 dioecesanis)

62 1567 140 1622 siper
150 1566 303 1636 hujusmodi
317 1569 425 1637 negotio
437 1571 471 1623 ab
483 1569 631 1638 apostoliea
642 1571 704 1624 sede
715 1569 835 1633 directis,
849 1587 916 1636 quas
928 1568 1090 1623 auctoritate
1102 1568 1285 1636 praesentium

59 1647 229 1717 femmarum
250 1667 300 1704 nec
323 1655 414 1705 tamen
436 1656 577 1719 praetextu
599 1651 795 1705 commissionis
818 1650 973 1718 specialiter
992 1651 1093 1703 eisdem
1118 1649 1285 1704 dioecesanis

54 1731 135 1784 super
163 1729 317 1807 labefactae
336 1749 489 1800 processum
510 1739 630 1788 vestrum
650 1733 679 1786 in
701 1734 859 1787 eorumdem
883 1732 1040 1786 civitatibus
1065 1736 1093 1785 et
1116 1731 1284 1786 dioecesibus

53 1801 183 1867 volumus
199 1814 334 1883 impediri.
346 1817 404 1870 Nec
414 1833 463 1883 per
473 1816 526 1870 hcc
537 1817 608 1884 quod
618 1816 682 1870 fidei
700 1816 841 1884 negotium
853 1815 1019 1883 generaliter
1029 1810 1059 1867 in
1068 1815 1190 1881 praefato
1198 1831 1284 1884 regno

52 1884 128 1943 l⁰b58
144 1896 347 1958 committimus,
360 1897 563 1966 commissiones
584 1916 601 1952 a
621 1900 743 1966 praelata
762 1899 824 1951 sede
843 1897 908 1965 ipsis
925 1898 1019 1960 factas,
1030 1896 1053 1948 si
1071 1897 1162 1948 forsan
1173 1896 1285 1951 illarum

51 1982 87 2019 ⁸0¹¹
100 1977 254 2032 ordinaria
266 1979 352 2033 velint
362 1979 525 2034 auctoritate
533 1981 688 2048 procedere,
701 1979 868 2034 intendimus
880 1996 1016 2038 revocare.
1031 1977 1060 2031 si
1079 1995 1143 2031 vero
1154 1978 1240 2046 aliqui
1250 1996 1283 2032 ex

54 2045 204 2112 haereticis
214 2059 288 2128 ipsis,
298 2060 437 2115 haeretica
445 2061 506 2114 labe
515 2061 622 2129 penitus
632 2064 767 2131 abjruata,
778 2061 867 2114 redire
878 2060 1015 2114 voluerint
1025 2061 1060 2114 ad
1072 2059 1282 2114 ecclesiasticam

54 2130 203 2205 eduum,
229 2141 269 2196 eis
292 2145 374 2212 juxta
402 2145 517 2196 formam
546 2142 676 2197 ecclesiae
704 2142 881 2196 absolutionis
910 2141 1071 2196 beneficium
1100 2142 1284 2210 impendentes

55 2213 207 2293 injungatis
217 2226 328 2287 eisdem,
342 2225 414 2293 quod
425 2225 535 2293 iniungi
555 2225 656 2279 talibus
677 2226 830 2290 consuevit3
843 2224 952 2292 proviso
969 2225 1090 2288 solerter,
1104 2241 1138 2277 ne
1155 2224 1283 2278 simulata

57 2307 231 2362 cremona
242 2309 355 2363 redeant
365 2307 554 2361 fraudulenter
565 2307 600 2360 ad
610 2308 744 2362 vomitum
754 2313 782 2362 et
792 2325 840 2360 vos
851 2307 935 2361 immo
947 2305 1036 2374 potius
1048 2307 1148 2374 seipsos
1159 2306 1283 2361 fallentes

59 2376 97 2447 tlh
111 2388 183 2456 agni
202 2389 291 2457 specie
307 2395 406 2459 gerant
417 2392 520 2459 lupum.
535 2391 573 2445 Ut
592 2408 659 2459 ergo
678 2390 814 2445 commissi
835 2390 911 2444 vobis
930 2390 1013 2444 officii
1033 2390 1153 2444 debitum
1172 2390 1284 2444 liberius

10 2508 12 2549 !
61 2471 237 2552 aequamini,
255 2471 442 2528 committendi
471 2473 622 2537 citationes,
644 2473 753 2528 testium
771 2471 993 2537 examinationes,
1006 2489 1068 2524 cum
1089 2473 1122 2526 de
1144 2472 1283 2540 praedicto

10 2554 13 2589 ²
64 2550 172 2632 elustina
188 2571 220 2608 ac
236 2555 322 2624 ipsius
339 2556 550 2611 circumstantiis
567 2556 700 2612 duxeritis
711 2557 914 2624 inquirendum,
927 2561 954 2611 et
966 2558 1161 2612 sententiarum
1178 2558 1281 2611 denun-

64 2628 191 2699 ltalienes,
212 2655 280 2705 quas
302 2639 331 2692 in
350 2639 485 2707 quoslibet
503 2639 556 2694 hac
575 2641 609 2694 de
631 2657 713 2693 cansa
733 2640 860 2703 tuleritis,
882 2640 989 2708 plenam
1009 2639 1086 2693 vobis
1109 2639 1282 2693 concedimus

66 2704 221 2783 ltcultatem,
232 2737 286 2774 non
295 2721 426 2783 obstante,
440 2721 463 2774 si
475 2721 610 2790 religiosis
619 2723 792 2788 quibuslibet,
804 2722 876 2790 quod
893 2738 1037 2775 causarum
1053 2722 1096 2775 vel
1108 2720 1281 2790 negotiorum

67 2800 257 2856 ammissmnes
266 2802 378 2856 minime
387 2808 540 2866 teneantur,
553 2803 697 2872 suscipere,
711 2804 836 2870 quodque
848 2803 1077 2857 excommunicari
1095 2804 1138 2858 vel
1156 2802 1282 2857 interdici

69 2875 240 2961 tttauspendi
252 2888 396 2952 nequeant,
416 2903 433 2938 a
452 2886 515 2939 sede
534 2886 681 2952 apostoliea
699 2886 734 2940 sit
754 2885 899 2940 indultum.
923 2885 975 2939 Sed
998 2886 1063 2953 quia
1083 2886 1111 2938 in
1128 2890 1184 2939 tam
1207 2884 1286 2953 gravi

11 3028 14 3055 ι
68 2961 173 3019 “lmine
182 2984 243 3020 cum
254 2968 340 3021 multa
348 2971 455 3034 oportet
466 2969 572 3022 cautela
582 2969 702 3035 pmcedi,
715 2973 746 3023 ut
757 2969 786 3022 in
798 2987 858 3023 reos
869 2969 927 3023 sine
945 2969 1001 3022 ullo
1018 2969 1173 3036 proteratur
1190 2983 1283 3020 errore

11 3078 13 3087 ·
68 3028 146 3099 dume
155 3063 184 3100 ac
195 3047 296 3116 dignae
312 3051 441 3103 severitas
453 3050 573 3113 ultionis,
586 3050 710 3104 volumus
719 3055 746 3104 ct
759 3052 927 3114 mandamns,
941 3056 971 3105 ut
982 3068 1030 3104 vos
1041 3051 1084 3103 vel
1101 3066 1168 3116 quos
1179 3050 1214 3102 ad
1231 3048 1284 3102 hcc

69 3109 188 3202 texentis
198 3130 374 3198 deputandos,
387 3131 416 3184 in
433 3132 633 3186 examinatione
650 3131 768 3195 testium,
782 3150 849 3199 quos
868 3132 954 3200 recipi
972 3149 1055 3200 super
1071 3130 1186 3185 crimine
1207 3148 1282 3198 prae·

70 3191 136 3288 ueto
157 3209 294 3279 ipsumque
314 3212 534 3281 contingentibus
554 3213 713 3280 oportuerit,
732 3214 885 3268 adhibeatis
907 3214 983 3268 vobis
1006 3214 1074 3267 duas
1094 3213 1234 3282 religiosas
1257 3219 1285 3269 et

11 3314 13 3363 3
71 3273 187 3344 &serem
208 3310 345 3360 personas,
369 3296 419 3348 sub
442 3312 557 3362 quarum
583 3296 735 3363 praesentia
755 3313 803 3364 per
825 3298 898 3350 viros
920 3298 1030 3351 idoneos
1050 3296 1167 3350 fideliter
1188 3313 1282 3350 eorum

72 3358 168 3424 tatium
178 3373 297 3442 deposita
309 3375 523 3430 conscribantur.
544 3378 669 3430 Ceterum
688 3394 749 3429 cum
767 3377 852 3443 aliqui
871 3377 972 3431 luerint
985 3377 1129 3444 judicandi
1152 3376 1283 3430 haeretici

74 3442 108 3528 ,Ἦ
125 3447 340 3511 incarcerationis
350 3474 437 3525 poena
452 3462 596 3525 perpetuae
608 3458 691 3511 alicui
707 3476 758 3525 pro
774 3458 929 3525 hujusmodi
943 3458 1057 3513 crimine
1075 3458 1232 3526 infligenda,
1246 3460 1281 3512 ad

75 3522 95 3575 ld
112 3530 148 3584 de
162 3536 377 3593 dioecesanorum
395 3541 438 3593 vel
459 3540 624 3594 vicariorum
645 3557 770 3603 sucrum,
792 3540 815 3593 si
838 3540 903 3607 ipsi,
927 3541 1093 3595 dioecesanis
1116 3541 1280 3604 absentibus,

76 3617 209 3673 lamnis
219 3621 331 3682 suerint,
350 3621 464 3675 consilio
483 3622 643 3689 procedatis,
657 3627 687 3676 nt
704 3622 733 3675 in
744 3627 835 3676 tantae
853 3622 1094 3677 animadversionis
1106 3623 1213 3691 judicio
1225 3641 1280 3677 non

75 3695 238 3758 ramoque„
246 3703 406 3770 pontificum
416 3703 563 3757 auctoritas
575 3704 733 3757 intercedat.
745 3704 848 3757 Verum
861 3710 890 3758 ut
907 3705 1045 3772 praedicta
1063 3705 1169 3772 possitis
1186 3705 1281 3759 utilius

73 3770 207 3836 etlibertus
217 3802 352 3849 exercere,
362 3786 439 3839 vobis
450 3786 585 3854 largiendi
597 3785 695 3854 viginti
708 3788 750 3840 rel
762 3786 1059 3855 quadragintadicrum
1072 3789 1279 3856 indulgentiam,

72 3856 166 3910 quotics
175 3871 355 3933 opportunum
371 3867 503 3930 videritis,
516 3868 642 3920 omnibus
654 3867 854 3934 poenitentibus
871 3874 898 3922 et
909 3871 1045 3934 confessis,
1059 3872 1105 3938 qui
1118 3873 1152 3924 ad
1164 3877 1280 3925 vestram

66 3943 276 4003 mercationem
294 3953 406 4018 propter
425 3949 476 4003 hoc
496 3949 657 4012 faciendam,
670 3951 842 4015 accesserint,
856 3952 963 4018 plenam
984 3958 1077 4007 tenore
1100 3953 1281 4021 praesentium

62 4022 228 4083 ⁰⁰¹¹oedimus
248 4032 415 4086 facultatem.
435 4031 519 4085 Vobis
537 4031 670 4099 siquidem
690 4049 739 4099 pro
757 4032 912 4101 hujusmodi
931 4037 1040 4104 negotio
1057 4037 1243 4089 laborantibus
1255 4040 1282 4089 et

53 4101 188 4160 mnibus
207 4115 382 4182 personaliter
404 4114 480 4169 robis
503 4115 688 4170 assistentibus
708 4115 737 4168 iu
754 4116 857 4182 eodem,
882 4117 959 4172 illam
983 4124 1154 4186 peccatorum
1172 4119 1280 4174 veniam
