3194 5408
657 504 756 558 ANNO
776 508 851 559 1⁴60
1322 499 1371 552 363

158 630 229 692 01'0110
246 644 272 696 et
286 639 454 697 inhibicione
466 639 565 696 debitis
581 645 609 696 et
625 641 655 696 in
671 641 772 697 talibus
788 642 848 699 fleri
869 641 1014 697 consuetis.
1027 640 1070 694 Ad
1080 657 1163 707 quam
1174 636 1285 705 quidem
1297 636 1370 692 diem

151 729 194 803 fou
213 721 275 778 eius
292 722 495 793 expedicionem
513 724 606 778 nullus
623 724 760 779 dictorum
777 726 923 779 citatorum
941 742 1034 779 coram
1055 723 1133 777 nobis
1153 721 1307 788 comparuit
1323 725 1371 774 aut

146 806 399 876 1rmmuiegonsm
415 824 498 875 super
514 807 606 875 aliquo
624 808 715 863 extitit
727 815 897 877 prosecutus.
929 809 1102 876 Quapropter
1118 807 1205 861 dictos
1221 806 1328 866 citatos,
1341 809 1372 858 ut

141 886 233 942 moris
246 896 291 954 est,
303 895 413 945 vocatos
421 889 643 959 sufficienterque
652 897 807 959 expectatos
818 899 846 947 et
862 910 917 947 uon
934 895 1132 959 comparentes,
1145 890 1178 943 de
1195 887 1268 941 dicta
1284 887 1329 941 die
1346 891 1374 940 at

137 962 197 1019 01⁸1ss
222 972 400 1040 expedicione
421 973 609 1040 reputavimus
631 975 729 1028 merito
751 980 937 1029 contumaces.
954 975 989 1027 Et
1007 974 1037 1027 in
1059 989 1154 1026 eorum
1170 969 1371 1025 contumaciam

131 1046 272 1108 nolentes
287 1055 359 1109 sicut
377 1070 428 1109 nec
451 1054 529 1109 decet
551 1055 683 1123 premissa
703 1056 776 1111 dicto
793 1056 911 1125 Diagoni
928 1055 1057 1123 imposita
1074 1055 1123 1108 sub
1141 1050 1372 1106 dissimulacionis

121 1127 227 1188 Pallio
256 1137 426 1205 pertransire,
450 1135 497 1189 sed
531 1136 626 1203 pocius
649 1137 797 1205 cupientes,
821 1144 904 1203 prout
930 1142 1055 1192 tenemur
1077 1142 1223 1201 nostroque
1245 1131 1373 1187 incubuit

119 1207 250 1283 officim
260 1219 363 1273 dictum
383 1216 545 1285 Diegonem,
558 1234 646 1282 reum,
659 1218 682 1271 si
700 1225 727 1274 et
745 1218 877 1286 quatinus
893 1220 1047 1286 reperiatur
1058 1216 1212 1285 culpabilis,
1230 1215 1370 1282 corrigere

113 1291 147 1341 θ(
160 1301 340 1367 punireris
344 1301 425 1369 juris,
435 1300 513 1355 litem
526 1319 559 1356 ex
570 1301 663 1355 officio
675 1307 777 1366 nostro,
787 1301 906 1357 instante
917 1307 1072 1369 promotore
1083 1316 1228 1355 causarum
1240 1297 1370 1360 eiusdem,

107 1378 247 1458 ‘’Phtra
266 1401 327 1438 eum
346 1382 526 1446 instituimus,
539 1382 647 1450 sibique
664 1384 804 1450 premissa,
821 1385 882 1437 loco
900 1385 972 1438 fame
989 1390 1015 1436 et
1032 1383 1097 1436 facti
1114 1380 1304 1442 articulorum,
1323 1394 1372 1445 per

100 1443 253 1517 ‘fictum
263 1469 445 1529 promotorem
455 1463 562 1531 imponi
574 1464 699 1531 fecimus,
711 1466 745 1517 ad
759 1465 840 1519 finem
851 1464 1006 1533 punicionis
1015 1463 1147 1518 canonica
1159 1462 1187 1515 in
1196 1459 1268 1528 juris
1285 1461 1373 1513 forma

96 1541 349 1611 concludentes,
363 1547 507 1616 ipsumque
519 1549 675 1617 Diagonem
686 1566 768 1616 super
780 1550 881 1603 eisdem
893 1547 1031 1615 premissis
1046 1546 1098 1600 sibi
1115 1544 1249 1611 impositis
1261 1544 1373 1609 eiusque

93 1607 172 1670 ΜΘ
203 1634 249 1682 et
263 1629 424 1684 credulitate
444 1647 477 1683 ac
495 1629 559 1684 aliis
576 1631 735 1685 necessariis
752 1631 984 1699 interrogavimus
999 1629 1148 1698 diligenter
1164 1634 1191 1683 et
1207 1627 1374 1681 examinavi·

88 1701 201 1757 11²¹¹⁸·
231 1711 268 1765 llt
277 1709 379 1765 auditis
390 1709 511 1765 eiusdem
530 1712 662 1781 Diagonis
681 1713 855 1781 responsione
871 1711 1159 1776 excusationibusque,
1172 1710 1374 1766 defensionibus

83 1770 133 1823 ad
161 1792 329 1873 Promissa
344 1792 454 1857 secutis,
465 1793 584 1860 visisque
600 1794 724 1861 plurium
741 1795 852 1848 testium
869 1794 899 1849 in
921 1794 973 1847 hac
991 1799 1068 1860 parte
1084 1794 1118 1846 da
1135 1793 1262 1846 mandato
1279 1795 1372 1845 nostro

79 1858 304 1930 ⁸¹¹dltorum
327 1876 547 1945 deposicionibus
566 1895 598 1932 ac
620 1878 686 1946 ipsis
705 1879 817 1932 attentis
828 1896 947 1932 unacum
959 1878 1030 1940 aliis,
1043 1895 1097 1944 que
1119 1876 1240 1929 animum
1263 1889 1372 1927 movere

71 1926 305 2059 gebuerant,
317 1958 428 2014 tandem
438 1961 483 2015 die
495 1961 629 2016 hodierna
645 1963 807 2030 subscripta,
826 1962 950 2029 partibus
967 1961 1032 2029 ipsis
1048 1962 1082 2015 ad
1101 1958 1265 2014 audiendum
1281 1963 1327 2024 jus
1344 1961 1371 2010 et

97 2028 284 2094 ”reram
307 2047 431 2097 nostrum
453 2044 510 2097 sive
531 2051 652 2099 nostram
669 2047 836 2099 sentenciam
854 2044 1028 2098 diffinitivam
1044 2061 1126 2110 super
1142 2041 1280 2110 premissis
1297 2040 1370 2094 etin

68 2086 161 2196 ¹¹⁸⁰,
181 2126 287 2181 parte
296 2140 346 2191 per
357 2142 407 2178 nos
416 2126 469 2180 sibi
485 2127 541 2181 dici
555 2133 583 2182 at
594 2126 711 2196 proferri
723 2130 827 2195 prefixa
839 2134 866 2183 et
883 2128 1029 2198 assignata,
1044 2125 1264 2193 comparantibus
1281 2139 1370 2191 perso

67 2177 285 2275 ”alftan
295 2206 452 2262 somniatis
468 2226 560 2264 coram
571 2211 650 2264 nous
661 2211 690 2264 tn
703 2210 810 2278 judicio
827 2211 1037 2273 satiantes
1049 2210 1077 2264 in
1094 2209 1158 2262 auia
1175 2206 1251 2260 curte
1268 2206 1368 2271 episco-

60 2258 201 2387 3¹¹⁸
231 2285 417 2356 Tornacensis,
430 2297 586 2357 promotore
597 2293 708 2345 nomine
719 2309 773 2358 quo
785 2308 868 2358 supra
879 2310 912 2346 ex
925 2310 988 2355 una,
1002 2299 1028 2345 et
1045 2289 1235 2355 prenominato
1247 2288 1371 2354 Diagone

58 2414 103 2465 ot
130 2361 164 2399 Β
235 2367 334 2423 tanobo
362 2371 396 2424 de
427 2373 570 2438 Gommiel
602 2373 765 2440 prisionario
798 2379 900 2436 nostr0,
931 2391 986 2437 reo,
1016 2391 1135 2427 unacum
1169 2369 1372 2425 venerabilibus

60 2490 91 2544 c
143 2432 319 2506 discretis
346 2453 415 2507 viris
441 2455 574 2522 magistro
602 2455 728 2509 iohanne
756 2457 790 2510 de
816 2457 954 2520 Zadelare‚
984 2457 1125 2519 advocato,
1150 2461 1177 2508 et
1205 2453 1314 2517 Rogero
1338 2451 1372 2506 de

59 2571 74 2623 i
163 2522 310 2595 dmm,
328 2542 514 2602 procuratore,
534 2544 561 2589 et
577 2536 741 2590 consiliariis
757 2537 813 2591 suis
830 2556 863 2592 ex
880 2541 976 2601 altera,
995 2538 1118 2606 partibus
1135 2535 1289 2603 petentibus
1306 2550 1369 2587 cum

58 2587 282 2703 dQcia
299 2623 326 2670 et
343 2617 545 2684 requirentibus
562 2624 608 2685 jus
630 2625 656 2672 et
672 2619 812 2674 decretum
840 2623 963 2675 nostrum
985 2621 1042 2674 sive
1065 2623 1186 2673 nostram
1209 2615 1372 2671 sententiam

63 2665 322 2794 μήπω
338 2715 420 2766 super
436 2700 576 2766 premissis
592 2706 619 2754 et
639 2702 668 2755 in
685 2702 737 2757 hac
755 2719 837 2757 causa
853 2719 903 2769 per
922 2720 970 2757 nos
986 2701 1038 2755 sibi
1063 2701 1118 2754 dici
1134 2706 1161 2754 et
1177 2699 1304 2767 proferri,
1322 2715 1372 2751 nos

64 2758 292 2882 prjuffiffl
309 2781 344 2833 ad
360 2786 426 2847 jura
442 2781 610 2836 reddendum
629 2799 679 2851 pro
696 2785 828 2838 tribunali
846 2786 969 2839 sedentes
985 2791 1013 2838 at
1029 2783 1160 2837 habentes
1176 2781 1264 2834 solum
1285 2781 1371 2834 Deum

126 2849 163 2890 Β
190 2859 303 2925 oculis,
315 2862 350 2914 ad
367 2867 489 2917 nostram
500 2864 530 2918 in
546 2864 599 2919 hac
611 2871 689 2932 parte
698 2869 866 2920 sentenciam
877 2867 1051 2920 diffinitivam
1070 2865 1249 2933 processimus
1259 2879 1373 2928 eamque

70 2912 271 3047 {tmpus
282 2944 348 3012 ipsis
359 2962 442 3012 super
452 2948 591 3014 premissis
603 2956 629 3003 at
642 2951 671 3003 in
683 2949 736 3003 hac
751 2956 829 3017 parte
843 2951 961 3003 diximus
974 2956 1000 3004 et
1017 2949 1182 3016 protulimus
1204 2946 1375 3012 dicimusqu0

151 3023 351 3083 Dwfemmus
362 3029 392 3081 in
403 3029 513 3096 scriptis
524 3030 553 3083 in
566 3030 640 3085 hunc
652 3032 763 3085 modum
775 3049 781 3085 :

151 3087 209 3160 111
233 3109 346 3164 nomina
368 3110 466 3164 sinae
483 3116 511 3165 a
527 3111 671 3166 individue
688 3113 834 3168 Trinitatis
850 3114 941 3168 Patris
958 3119 985 3167 a
1001 3113 1066 3165 rint
1085 3118 1111 3165 a
1130 3111 1248 3178 spiritus
1269 3110 1372 3172 Sancti,

90 3164 312 3264 ⁸⁴*Penvisis
322 3210 371 3261 per
383 3211 432 3247 uos
443 3193 515 3247 fame
523 3200 552 3248 at
563 3194 630 3247 facti
639 3196 765 3249 articulis
776 3196 893 3264 Diagoui
905 3192 1373 3253 sivelacobodeGommieiclerico,

95 3229 270 3338 ⁷9me
287 3282 379 3329 nostre
401 3282 428 3330 et
445 3275 522 3329 curie
538 3282 633 3331 sancte
647 3277 838 3344 Inquisiciouis
858 3278 1030 3346 prisionario‚
1050 3295 1105 3341 reo,
1125 3294 1157 3329 ex
1174 3275 1264 3328 officio
1283 3279 1374 3326 nostro

108 3333 265 3410 Quale
277 3363 434 3423 promotore
451 3375 597 3412 causarum
615 3360 897 3428 eiusdemimpositis,
908 3358 1376 3426 dictiqueresponsionibusetexcu·

116 3421 302 3492 ‘vinositas
323 3439 358 3492 ad
380 3440 488 3493 eosdem
509 3441 618 3505 secutis,
633 3460 752 3496 unacum
773 3443 895 3510 plurium
915 3441 1024 3496 testium
1046 3460 1127 3509 super
1146 3443 1198 3496 hoc
1218 3440 1374 3493 auditorum

125 3495 367 3585 (leposiaionibus
378 3521 445 3588 ipsis
460 3538 568 3588 quoque
587 3524 700 3577 attentis
717 3541 781 3577 cum
798 3524 904 3588 ceteris,
915 3542 968 3590 que
985 3525 1107 3577 animum
1126 3531 1248 3577 nostrum
1266 3538 1374 3574 movere

124 3580 307 3665 eruerunt,
316 3602 349 3656 de
360 3601 481 3670 plurium
495 3606 686 3674 theologorum
700 3623 731 3660 ac
742 3606 966 3674 jurisperitorum
976 3607 1091 3660 consilio
1100 3606 1204 3673 pariter
1215 3612 1242 3657 at
1254 3620 1372 3665 assensu,

129 3680 284 3744 bresetum
301 3702 376 3739 reum
389 3688 424 3741 ab
436 3687 536 3742 eisdem
556 3689 681 3743 articulis
698 3691 863 3744 absolvimus
880 3694 907 3743 et
925 3708 941 3742 a
958 3691 1036 3743 nobis
1054 3696 1080 3743 et
1097 3689 1174 3743 curia
1192 3694 1284 3741 nostra
1301 3691 1374 3739 anta·

127 3761 219 3821 dicta
230 3766 379 3822 liberamus
391 3775 418 3822 et
429 3771 505 3824 abire
523 3771 720 3838 permittimus.
734 3772 879 3835 Quocirca,
898 3776 953 3825 tam
969 3772 1110 3826 ordinaria
1127 3788 1209 3837 quam
1228 3768 1375 3836 apostolica

128 3851 357 3906 auctoritatibus
367 3851 467 3917 quibus
479 3853 624 3921 fungimur
637 3855 665 3907 in
677 3853 729 3907 hac
742 3860 828 3921 parte,
842 3854 918 3908 vobis
930 3855 1056 3909 omnibus
1068 3860 1095 3907 ot
1111 3853 1227 3921 singulis
1239 3852 1376 3917 presbyte-

128 3937 191 3999 xis,
202 3933 307 3988 curatis
318 3939 345 3988 et
357 3951 412 3988 nou
421 3937 531 4000 curatis,
546 3937 715 4003 notariisque
726 3944 753 3990 et
764 3937 958 3990 tabellionibus
970 3937 1087 4005 publicis
1099 3937 1213 3990 ubilibet
1223 3933 1377 3987 constitutis

130 4014 307 4072 mandamus
323 4015 451 4082 quatinus
470 4017 601 4083 premissa
621 4019 715 4072 omnia
735 4026 764 4071 et
783 4019 893 4086 singula
914 4021 1021 4084 legatis,
1045 4018 1198 4086 publicetis,
1220 4016 1374 4078 notificetis,

128 4097 280 4154 intimetis
291 4103 318 4151 et
326 4097 479 4162 insinuetis,
493 4100 550 4160 ubi,
564 4101 673 4165 quando
686 4118 718 4152 ac
730 4102 834 4153 tociens
850 4102 980 4165 quociens
997 4119 1065 4168 opus
1083 4100 1166 4153 fuerit
1183 4106 1210 4152 et
1226 4114 1307 4164 super
1324 4096 1376 4149 hoo

130 4180 254 4236 iustitis
274 4181 398 4248 requisiti
418 4198 465 4233 seu
490 4189 612 4234 vestrum
637 4183 707 4236 alter
730 4182 816 4235 fuerit
834 4184 992 4249 requisitus.
1022 4183 1050 4235 ln
1071 4200 1188 4248 quorum
1205 4181 1327 4233 omnium
1349 4186 1376 4232 et

130 4262 319 4328 singulorum
331 4263 412 4316 fidem
430 4268 457 4315 et
473 4264 661 4316 testimonium
680 4265 874 4330 premissorum
894 4270 1032 4332 presentes
1049 4264 1153 4317 litteras
1173 4265 1229 4316 sive
1247 4264 1298 4315 hoc
1316 4280 1376 4329 pre·

133 4361 206 4400 sens
234 4343 377 4410 publicum
397 4345 612 4398 instrumentum
636 4363 685 4413 per
715 4347 845 4400 dilectum
869 4353 991 4400 nostrum
1021 4347 1204 4401 Walrandnm
1233 4347 1265 4398 de
1293 4346 1375 4397 Banf·

134 4432 253 4493 frema,
276 4426 418 4491 clericum,
443 4429 586 4482 notarium
604 4429 745 4495 publicum
768 4429 892 4495 dictaque
910 4430 986 4484 curie
1009 4430 1169 4497 episcopalis
1197 4427 1377 4482 Tornacensis

139 4528 177 4564 ac
205 4513 330 4563 nostrum
355 4509 385 4563 in
415 4509 466 4563 hac
496 4517 573 4577 parte
604 4511 723 4566 scribam
748 4517 883 4578 juratum,
914 4512 974 4567 fieri
1002 4510 1160 4580 signarique
1189 4518 1216 4566 et
1243 4509 1376 4593 subscribi
