3194 5408
711 515 815 571 ANNO
835 519 912 570 1⁴59
1377 517 1426 570 345

182 658 353 728 predicator
363 676 397 715 ea
413 657 448 714 de
465 657 565 726 quibus
577 656 691 724 antiqua
703 656 766 712 iura
777 656 896 726 positiua
913 657 1073 723 loquuntur,
1087 673 1139 724 que
1155 659 1219 708 sunt
1235 654 1368 722 abrogata
1378 671 1427 722 per

183 759 246 796 non
257 759 351 806 usum,
364 759 427 810 ymo
444 757 493 809 per
511 757 590 794 usum
602 739 772 793 contrarium
784 737 897 793 summis
915 736 1089 806 pontificibus
1100 736 1249 791 scientibus
1259 741 1287 790 et
1298 754 1353 790 non
1364 754 1424 804 pro·

184 823 508 891 bibentibusacperhoc
515 821 598 876 tacite
606 823 759 890 approbare
768 819 923 875 videntibus
932 819 988 872 acsi
997 837 1046 887 per
1054 823 1157 873 statuta
1165 818 1299 872 sinodalia
1305 836 1425 872 commu·

188 906 265 961 niter
275 905 499 975 precipientibus,
513 903 657 973 presertim
669 903 718 958 ubi
730 904 822 957 subest
834 919 917 957 causa
928 902 1042 956 honesta
1053 902 1125 956 sicut
1135 902 1187 955 hoc
1198 904 1239 955 est
1255 901 1289 954 de
1305 905 1427 969 tempore

189 1006 245 1057 que
261 1005 397 1056 puerpera
407 988 544 1044 abstinent
553 989 588 1042 ab
606 986 730 1055 ingressu
743 986 866 1048 ecclesie,
879 985 950 1040 sicut
961 985 1026 1039 satis
1043 985 1195 1040 declarauit
1206 985 1236 1038 in
1253 985 1427 1052 responsione

189 1088 241 1126 sua
251 1070 342 1141 magis
353 1073 473 1134 extensa.
485 1071 642 1127 cathechice
659 1088 709 1125 neo
728 1068 947 1130 determinatius,
965 1073 996 1123 ut
1013 1068 1135 1136 loquitur
1145 1068 1204 1131 iste,
1215 1085 1265 1122 nec
1283 1067 1428 1123 recitatiue

189 1154 271 1210 debet
288 1154 390 1222 populo
400 1152 522 1222 simplici
533 1154 641 1223 aperire
652 1174 659 1220 3
672 1154 708 1208 ad
721 1152 808 1207 nichil
819 1151 894 1206 eliud
914 1152 987 1206 valet
1004 1168 1086 1219 quam
1104 1152 1139 1205 ad
1156 1149 1357 1205 subversionem
1368 1145 1428 1206 eius

190 1242 219 1292 et
229 1235 395 1293 mittendum
406 1235 437 1289 in
447 1235 572 1301 dubium,
585 1236 608 1290 si
620 1254 685 1290 usus
699 1235 838 1304 prevaleat
851 1232 958 1288 iuribus
969 1233 1089 1301 antiquis
1100 1239 1149 1288 aut
1166 1251 1230 1298 non,
1242 1238 1270 1289 et
1280 1233 1303 1287 si
1312 1234 1428 1290 ecclesia

189 1317 265 1373 hunc
283 1334 366 1372 tasum
385 1317 556 1373 obseruando
578 1320 646 1372 bene
667 1317 751 1372 iaciat
772 1321 821 1371 aut
838 1333 911 1382 non;
929 1333 979 1370 nec
995 1316 1075 1370 debet
1095 1333 1210 1383 querere
1221 1316 1338 1385 gloriam
1349 1334 1426 1372 suam

192 1401 348 1472 predicator
358 1398 425 1468 ipw,
439 1400 486 1455 sed
499 1400 549 1455 Dei
560 1420 568 1466 ς
580 1417 658 1454 secus
672 1404 763 1454 autem
776 1398 879 1452 faciens
890 1415 945 1452 non
957 1402 1078 1452 meretur
1088 1399 1237 1453 aureolam.

224 1482 307 1538 Chen
325 1480 468 1550 quintam:
488 1502 502 1524 κ
523 1480 621 1536 Minus
641 1485 682 1535 est
702 1480 858 1534 interficere
875 1483 991 1533 matrem
1011 1496 1092 1547 quam
1112 1478 1251 1547 propriam
1270 1497 1383 1535 uxorem
1403 1505 1425 1543 n.

193 1562 332 1632 responsio
351 1580 402 1618 sua
423 1567 464 1619 est
485 1564 558 1631 quod
576 1563 625 1616 illa
637 1563 757 1617 estfalsa
768 1567 800 1617 ut
812 1561 893 1624 iacet,
908 1579 957 1616 nec
975 1579 1096 1628 unquam
1112 1562 1281 1631 sumpniauit
1297 1562 1387 1629 illam;
1400 1567 1429 1617 et

193 1646 263 1714 quod
271 1643 344 1699 dixit
351 1645 386 1699 de
395 1661 465 1712 pena
477 1645 549 1713 quod
560 1643 693 1698 maiorem
703 1643 853 1712 iniungunt
870 1643 932 1698 iura
943 1643 1075 1697 canonica
1086 1643 1227 1699 uxoricide
1239 1664 1320 1713 quam
1331 1645 1425 1701 matri·

193 1726 260 1787 eide.
283 1741 382 1779 vemm
392 1724 463 1780 dixit
475 1729 587 1794 propter
602 1724 740 1779 maiorem
764 1724 929 1793 pronitatem
949 1724 1071 1778 virorum
1089 1725 1123 1778 ad
1144 1726 1326 1781 uxoricidium
1346 1745 1427 1794 quam

192 1804 387 1869 mati-icidium,
401 1810 432 1860 ut
450 1807 518 1860 bene
529 1806 652 1860 declarat
664 1806 694 1858 in
708 1805 885 1874 responsione
896 1822 945 1859 sua
957 1804 1042 1872 priori
1053 1805 1142 1874 magis
1153 1810 1272 1860 extensa.

225 1887 306 1942 circa
315 1892 421 1942 sextam
433 1888 521 1942 nichil
532 1888 642 1943 ridetur
654 1888 811 1952 dicendum,
824 1888 889 1955 quia
901 1893 984 1957 negat
1000 1905 1060 1942 eam
1079 1888 1231 1955 predicasse
1250 1907 1300 1944 nec
1319 1892 1424 1946 consul·

195 1975 251 2026 tum
260 1974 392 2040 putamus
403 1970 438 2024 ad
449 1987 551 2024 nouam
569 1969 794 2024 informationem
809 1970 1009 2038 procedendum
1021 1973 1132 2037 pmpter
1143 1986 1238 2024 causas
1248 1970 1278 2025 in
1290 1972 1425 2040 principio

193 2053 302 2122 positas.

226 2135 307 2190 (lires
322 2132 483 2203 septimam:
497 2133 599 2201 pluries
618 2151 667 2202 pru
685 2134 804 2189 themate
824 2133 896 2201 cepit
916 2132 1038 2187 carmina
1060 2133 1177 2201 laycalie
1196 2139 1223 2190 et
1242 2136 1375 2191 derisoria
1393 2137 1423 2193 in

195 2217 359 2286 vituperium
378 2221 431 2271 etc.
443 2220 476 2271 ut
495 2216 526 2270 in
545 2216 654 2284 scriptis
674 2216 748 2283 suis3
761 2216 904 2283 respondet
925 2216 1078 2270 confitendo
1099 2217 1172 2283 quod
1191 2235 1341 2274 sennonem
1359 2221 1423 2276 lecit

194 2298 323 2354 sumendo
343 2313 455 2352 carmen
475 2297 544 2351 illud
562 2298 678 2366 vulgare
698 2297 848 2350 Marcelle
861 2313 962 2349 amour
975 2301 1027 2350 etc.
1041 2297 1116 2351 Dicit
1134 2297 1207 2351 enim
1227 2300 1300 2365 quod
1318 2318 1424 2355 summe

194 2381 325 2451 sapientie
340 2384 382 2435 est
392 2380 423 2434 in
442 2381 496 2447 hijs
507 2385 570 2444 ete,
580 2386 612 2433 ut
631 2380 670 2433 ibi
687 2379 825 2434 scribitur.
845 2379 955 2433 Reuera
976 2378 1044 2433 illud
1065 2397 1176 2435 carmen
1197 2381 1384 2449 spiritualibus
1395 2390 1424 2439 et

194 2463 356 2520 habentibus
366 2462 529 2518 exercitatos
537 2479 631 2515 sensus
639 2460 714 2529 pium
723 2465 764 2515 est
772 2461 843 2514 etad
853 2462 945 2514 fletum
955 2478 987 2514 ac
995 2462 1208 2529 compassionem
1215 2463 1316 2518 Christi
1326 2464 1355 2518 in
1364 2482 1422 2533 pas·

193 2549 266 2603 sicne
277 2563 329 2615 pro
340 2546 429 2601 salute
440 2562 536 2613 sponse
546 2562 594 2598 sue
612 2544 724 2598 ecclesie
744 2547 837 2597 sancte
846 2542 925 2596 valde
938 2544 1133 2610 premotiuum,
1147 2546 1192 2599 sed
1203 2563 1258 2600 non
1268 2547 1423 2602 carnalibus

193 2628 385 2697 utplurimum
396 2630 438 2681 est
447 2626 562 2694 simplex
571 2627 687 2694 populus
699 2626 734 2679 ad
745 2642 866 2679 amorem
879 2626 1072 2693 voluptuosum
1084 2626 1286 2692 inclinatiuum
1297 2630 1424 2684 animalis

192 2712 264 2767 enim
274 2711 359 2766 homo
371 2727 426 2764 non
438 2710 508 2778 sapit
528 2727 581 2777 que
593 2708 643 2763 Dei
653 2713 734 2774 sunt3
748 2709 866 2762 latemur
879 2709 952 2776 quod
975 2710 1074 2763 nedum
1094 2726 1111 2762 a
1131 2709 1299 2764 secularibus
1315 2730 1357 2776 ea,
1370 2729 1423 2780 que

192 2797 305 2864 pcmunt
324 2794 360 2846 ad
380 2792 582 2847 edificationem
602 2791 757 2845 animarum
777 2790 835 2844 sine
856 2791 979 2858 periculo
999 2793 1137 2859 perficere,
1158 2798 1246 2860 potest
1265 2795 1371 2848 subtilis
1390 2812 1424 2848 ac

191 2877 311 2945 prudens
329 2873 484 2942 predicator
504 2873 599 2942 aliqua
620 2890 768 2935 assumere,
780 2890 844 2938 ymo
864 2877 892 2926 et
911 2874 945 2926 ab
965 2873 1085 2940 antiquis
1104 2873 1272 2942 philosophis
1291 2881 1319 2930 et
1338 2876 1424 2943 poetis

191 2961 323 3025 tanquam
355 2956 389 3008 ab
420 2955 499 3009 iustis
522 2954 718 3023 possessoribus
746 2955 845 3008 multas
871 2954 998 3009 veritates
1019 2955 1048 3008 in
1071 2955 1240 3008 sermonibus
1262 2961 1423 3024 extorquere

191 3043 357 3107 inquantum
370 3043 461 3092 tamen
475 3038 664 3106 proliciuntad
674 3038 797 3100 salutem,
809 3042 840 3091 ut
850 3038 918 3092 dicit
929 3039 1023 3092 beatus
1034 3037 1204 3106 Augustinus
1215 3043 1242 3091 et
1253 3039 1422 3094 beatissimus

190 3120 350 3177 Jerenimus
369 3120 398 3174 in
421 3120 539 3188 epistola
550 3124 592 3173 62.
605 3120 641 3173 ad
660 3136 792 3187 magnum
810 3124 945 3174 oratorem
964 3120 1041 3174 urbis
1053 3120 1282 3186 Rome;ostendit
1301 3122 1373 3188 quod
1393 3123 1422 3177 in

191 3202 338 3271 seripturis
346 3200 446 3256 sanctis
456 3202 538 3256 liceat
550 3200 669 3254 inserere
686 3199 760 3253 dicta
771 3204 921 3266 poetarum,
934 3200 963 3252 in
976 3218 1030 3267 qua
1040 3200 1108 3254 dicit
1119 3201 1191 3267 quod
1203 3201 1305 3254 Paulus
1316 3209 1421 3270 aposto·

190 3290 235 3343 lus
246 3286 424 3356 Epymenidis
444 3286 545 3338 abusus
565 3287 606 3336 est
627 3281 762 3335 versiculo
775 3281 895 3334 scribens
914 3283 948 3335 ad
970 3282 1080 3336 Titum:
1094 3282 1242 3346 Cretenses,
1256 3282 1303 3346 ait,
1317 3303 1422 3354 semper

190 3369 338 3423 mendaces
356 3369 427 3422 male
446 3365 531 3420 bestie
549 3364 650 3419 ventris
671 3363 762 3432 pigri3
776 3364 805 3416 in
825 3362 880 3416 alia
891 3363 1020 3431 epistola:
1038 3364 1223 3430 Corrumpunt
1242 3365 1423 3421 bonosmores

190 3451 332 3520 colloquia
351 3466 452 3518 prava;
466 3452 494 3502 et
506 3448 578 3515 apud
592 3447 771 3501 Athenienses
783 3445 812 3498 in
823 3445 921 3498 Martis
941 3445 1026 3508 curia,
1037 3463 1089 3512 que
1109 3447 1257 3500 vocabatur
1265 3447 1420 3517 ariopagus,

189 3539 310 3591 Aratum
317 3536 412 3588 testem
419 3531 543 3585 inuocat:
555 3529 643 3597 Ipsius
651 3529 724 3583 enim
734 3534 761 3582 et
772 3546 858 3597 genus
869 3544 970 3592 sumus;
980 3532 1008 3581 et
1018 3532 1058 3581 est
1069 3529 1191 3582 clausula
1200 3546 1293 3582 versus
1300 3529 1421 3597 heroyci;

189 3618 240 3673 sed
262 3616 331 3671 talia
352 3613 550 3682 interponenda
574 3616 638 3665 sunt
660 3610 764 3665 diuinis
787 3611 901 3677 eloquiis
918 3609 1080 3677 inquantum
1100 3610 1224 3677 proficiat
1246 3612 1280 3664 ad
1302 3616 1422 3664 eternam

189 3700 394 3844 saiiiierldliquis
403 3776 490 3830 nichil
502 3775 616 3843 dignum
626 3773 745 3828 scribere
756 3778 870 3839 oportet.

460 3890 608 3955 Carlerius‚
621 3890 682 3944 deel
691 3889 726 3953 Π,
740 3889 936 3958 verbandeling
946 3893 986 3943 27.

759 4111 853 4179 302.

243 4302 351 4379 1459,
371 4300 561 4368 emstreeks
586 4299 780 4366 November
801 4303 832 4379 1,
852 4300 1001 4369 Dowaui
1013 4322 1025 4377 ;
1047 4299 1144 4366 ande
1166 4320 1235 4367 van
1261 4300 1366 4380 1459,
1381 4321 1422 4367 en

193 4405 304 4483 1460,
331 4404 496 4482 Januari,
524 4401 699 4469 Ferreum·
728 4404 786 4478 25,
812 4407 896 4470 υόόν
920 4424 961 4470 en
990 4423 1038 4469 uu
1061 4404 1232 4479 Paschae,
1267 4405 1417 4470 Atrecbt.

192 4507 379 4577 Uittreksel
399 4508 447 4575 uit
470 4507 510 4573 de
536 4506 753 4594 geliJ'ktijdige
770 4506 902 4594 kronijk
920 4527 985 4574 van
1000 4507 1138 4592 Jacques
1154 4508 1203 4574 Du
1215 4506 1327 4593 Clercq
1345 4527 1423 4574 over
