3188 5408
548 507 648 563 anuo
667 510 744 562 1232
1236 509 1267 582 as

42 641 157 718 hunno
172 651 360 719 hettersohe
375 650 495 718 ouders
509 650 735 736 aangehlaagd
751 646 891 717 hebben.
916 648 986 715 God
1015 647 1107 715 heeft
1132 649 1264 714 immers

48 744 89 815 de
102 767 271 839 gewoonte
294 756 334 822 de
358 755 472 823 schuld
496 754 554 821 der
569 754 686 821 ouders
711 774 789 820 over
812 754 852 820 de
875 753 1034 819 kinderen
1057 758 1090 818 te
1114 750 1259 819 wreken.

51 845 204 946 Eindelijk
227 863 339 927 neemt
361 860 401 926 de
423 859 534 925 heizer
549 859 580 925 al
604 859 644 925 de
660 855 1062 943 predikheerenbroeders,
1081 856 1132 922 die
1155 855 1189 921 in
1206 855 1264 921 het

56 950 198 1033 lluitsche
210 965 289 1051 Rijk
301 967 352 1031 tot
364 964 423 1029 het
437 963 593 1030 uitroeien
609 962 669 1028 der
682 960 814 1048 hetterij
833 961 912 1028 door
927 960 988 1027 den
1002 979 1084 1044 psus
1096 959 1263 1045 gezondeu

10 1068 22 1149 ς’,
62 1066 188 1145 namen,
217 1074 285 1135 met
311 1068 423 1135 hunne
452 1065 690 1133 medewerhers
718 1065 820 1131 under
849 1066 934 1152 zijue
966 1062 1194 1148 bescherming
1221 1083 1262 1129 en

10 1154 13 1159 ⁵
66 1165 172 1257 schujo
183 1171 268 1237 allen
280 1170 494 1258 geestelijken
508 1191 548 1235 en
559 1169 784 1256 wereldlijken
798 1188 877 1234 voor
889 1167 954 1234 hen
966 1167 1048 1252 gued
1060 1171 1093 1234 te
1106 1166 1262 1233 onthalen

10 1261 17 1325 ³,
69 1285 102 1336 ou
118 1270 322 1360 krachtdadig
336 1281 370 1342 te
386 1275 516 1359 helpen.
535 1275 581 1339 De
601 1273 725 1338 letters
741 1271 946 1357 integeudeel
963 1275 1092 1338 moeten
1117 1271 1156 1358 zij
1183 1291 1262 1336 aan-

71 1367 184 1455 boudeu,
202 1398 372 1464 gorangon
390 1377 519 1444 houden
535 1398 574 1442 eu
592 1396 674 1442 naar
690 1375 712 1442 't
728 1374 901 1462 geestelijk
917 1375 1033 1441 vonnis
1055 1374 1112 1440 der
1128 1374 1262 1460 inquisi-

21 1502 29 1545 ·,
71 1479 141 1545 leurs
153 1479 330 1570 behoorlijk
345 1479 493 1548 straden.
512 1482 575 1545 Ζοο
591 1478 715 1546 doende
730 1479 837 1544 zullen
854 1479 894 1564 zij
913 1477 983 1545 God
1005 1499 1047 1544 en
1070 1477 1132 1545 den
1149 1477 1260 1544 keizer

21 1570 26 1583 ¹
70 1597 239 1668 magensem
257 1586 334 1672 zijn.
363 1586 407 1651 De
422 1584 590 1671 ualatigen
605 1583 811 1669 integendeel
827 1583 933 1648 zullen
951 1579 1031 1648 udor
1045 1583 1115 1649 God
1139 1603 1180 1649 en
1196 1582 1260 1648 den

69 1679 154 1752 leizer
167 1688 301 1775 plichtig
317 1688 452 1776 blijven.

10 1882 33 1968 J.
93 1893 233 1964 blidericus,
247 1900 297 1953 Dei
314 1899 403 1969 gratia
421 1901 607 1955 Romanorum
623 1900 770 1967 imperator
785 1903 813 1954 et
829 1914 935 1966 semper
945 1901 1086 1966 augustus,
1104 1897 1255 1954 Jerusalem

14 1970 18 1978 ’
68 1974 192 2035 etSiciliae
208 1998 266 2045 rex,
284 1980 390 2034 dilectis
406 1981 575 2050 principibus
594 1981 660 2045 suis,
678 1980 878 2035 venerabilibus
898 1978 1109 2060 archiepiscopis
1132 1984 1160 2034 et
1184 1981 1252 2049 epis-

68 2057 124 2122 copis
140 2063 245 2131 aliisque
267 2063 395 2131 praelatis
416 2063 601 2126 ecclesiarum,
624 2064 747 2127 ducibus,
772 2062 984 2126 marchionibus,
1004 2063 1157 2127 comitibus,
1176 2067 1269 2121 baro'e‘

68 2134 136 2204 stibus,
153 2145 331 2212 potestatibus,
352 2146 481 2209 scultetis,
501 2146 664 2215 burgraviis,
687 2146 834 2209 advocatis,
850 2146 999 2214 judicibus,
1021 2146 1253 2213 ministerialibus,

67 2218 196 2281 officialibus
206 2235 234 2283 et
244 2229 370 2283 omnibus
381 2246 430 2297 per
446 2234 533 2284 totum
550 2230 695 2298 imperium
706 2229 868 2293 constitutis,
881 2233 1035 2298 praesentes
1046 2229 1139 2283 literas
1149 2229 1252 2298 inspec-

66 2299 126 2367 ifflla
136 2308 250 2364 fidelibus
260 2310 326 2374 suis,
337 2311 455 2380 gratiam
467 2329 543 2365 suam
553 2317 580 2366 ct
591 2329 670 2366 omne
682 2313 792 2366 bonum.

75 2381 207 2468 ¹Commissi
219 2391 298 2446 nobis
309 2394 423 2447 coelitus
434 2411 501 2447 cura
512 2393 654 2462 regiminis
665 2399 691 2449 ot
707 2394 865 2462 imperialis,
879 2393 933 2457 cui,
946 2394 1028 2448 dante
1039 2393 1164 2457 Domino,
1179 2412 1253 2462 prac-

65 2461 163 2537 sldethos,
179 2475 317 2543 fastigium
335 2475 477 2542 dignitatis
494 2476 671 2539 materialem,
690 2494 744 2544 quo
765 2475 874 2530 divisim
894 2494 911 2530 a
930 2476 1081 2531 sacerdotio
1101 2477 1252 2545 fungimur,

64 2541 160 2609 &lodium
174 2558 301 2611 adversus
320 2558 409 2613 hostes
429 2557 491 2611 fidei
514 2561 542 2611 ct
560 2556 589 2611 in
609 2558 800 2613 exterminium
811 2557 965 2613 haereticae
983 2558 1126 2627 pravitatis
1142 2558 1257 2628 exigunt

63 2640 220 2705 oetendm,
244 2646 275 2695 ut
295 2640 423 2708 perfidiae
442 2639 565 2707 vipereos
584 2639 655 2693 filios
672 2645 767 2695 contra
787 2641 874 2695 Deum
890 2644 918 2694 et
933 2640 1076 2695 ecclesiam
1094 2639 1255 2696 insultantes

63 2709 165 2798 L{nollem
180 2723 297 2779 materni
308 2722 379 2777 uteri
397 2739 550 2776 corrosores
564 2722 593 2775 in
605 2722 713 2790 judicio
724 2729 751 2777 ct
765 2722 879 2790 justicia
898 2740 1101 2791 persequamur,
1119 2723 1255 2777 maleficos

62 2803 134 2854 ”Veto
143 2821 190 2860 nou
201 2807 318 2876 passuri,
331 2823 380 2874 per
391 2823 506 2872 quorum
518 2806 659 2860 scientiam
671 2807 841 2860 seducentem
853 2807 970 2860 mundus
986 2805 1110 2861 inlicitur
1131 2811 1159 2860 et
1175 2805 1254 2875 gregi

60 2869 158 2960 biblium
173 2906 220 2956 per
237 2906 301 2943 oves
317 2888 454 2942 morbidas
466 2888 577 2956 gravior
594 2888 731 2957 infligitur
747 2889 918 2956 corruptelu3
937 2888 1080 2943 statuimus
1092 2888 1184 2955 itaque
1195 2907 1254 2943 san·

60 2964 147 3031 ocula,
158 2974 187 3024 ut
206 2969 348 3033 haeretici,
362 2987 533 3036 quocumque
550 2969 659 3023 nomino
678 2974 847 3033 censeantur,
861 2971 1026 3037 ubicumque
1046 2987 1094 3038 per
1110 2970 1255 3039 imperium

10 3106 12 3113 ,
57 3030 157 3104 damnati
174 3053 277 3106 luerint
293 3053 327 3106 ab
339 3052 452 3106 ccclesia
469 3056 496 3106 et
515 3051 631 3106 seculari
644 3052 751 3119 judicio
763 3051 903 3121 assignati,
920 3051 1154 3106 animadversione
1164 3052 1256 3107 debita

10 3126 12 3144 '
56 3122 189 3188 lunantur,
201 3134 231 3187 Si
252 3134 382 3201 quivero
401 3135 435 3188 de
455 3134 608 3203 praedictis,
621 3139 763 3202 postquam
780 3135 883 3190 fuerint
893 3135 1061 3202 deprehensi,
1079 3135 1168 3191 territi
1180 3141 1255 3192 metu

53 3208 131 3265 mllio
144 3218 229 3272 redire
240 3218 378 3272 voluerint
388 3219 422 3271 ad
435 3218 499 3272 fidei
513 3217 654 3281 unitatem,
661 3220 742 3285 juxta
754 3218 899 3271 canonicas
910 3217 1062 3272 sanctiones
1072 3220 1107 3273 ad
1120 3221 1256 3288 agendum

50 3290 225 3355 poenl'teutiam
237 3300 266 3354 iu
278 3306 438 3368 perpetuum
450 3318 588 3354 carcerem
598 3301 786 3354 detrudantur.
801 3302 946 3355 Praetores
958 3299 1112 3369 quicunque
1124 3302 1255 3357 haeretici

47 3372 134 3432 raperti
151 3384 253 3438 luerint
269 3383 298 3436 in
316 3383 480 3447 civitatibus,
494 3383 599 3452 oppidis
611 3402 659 3438 scu
676 3384 738 3437 aliis
755 3384 823 3438 locis
840 3383 947 3451 imperii
965 3401 1014 3451 per
1030 3383 1203 3455 inquisitores
1220 3387 1254 3438 ab

44 3455 180 3534 ,melica
198 3468 262 3521 sede
278 3467 355 3522 datos
375 3471 403 3520 et
422 3467 490 3520 alios
510 3467 676 3521 orthodoxae
693 3467 757 3521 fidei
774 3468 911 3529 zelatores,
928 3467 967 3530 hi,
981 3466 1028 3533 qui
1035 3466 1254 3534 jurisdictionem

42 3521 134 3609 ¹9¹de
150 3547 304 3612 habuerint,
327 3550 361 3602 ad
381 3548 573 3616 inquisitorum
590 3554 618 3603 et
637 3550 754 3604 aliorum
775 3549 971 3603 catholicorum
991 3547 1114 3602 virorum
1134 3548 1253 3604 insinua·

39 3602 143 3693 t¹⁰¹¹ero,
156 3648 200 3684 eos
212 3646 310 3697 capere
324 3634 469 3684 teneantur
479 3634 506 3683 et
523 3647 569 3684 cos
581 3634 672 3698 captos
684 3630 786 3685 arctius
798 3629 942 3696 custodire,
955 3631 1041 3687 donec
1052 3650 1101 3700 per
1112 3652 1254 3688 censuram
1310 3646 1315 3654 '

36 3692 241 3771 ef³cl⁸oiusticam
270 3713 411 3766 damnatos
431 3712 580 3765 damnabili
602 3716 690 3767 morte
710 3713 853 3781 perimant,
881 3713 928 3781 qui
955 3714 1017 3768 lidoi
1040 3720 1209 3770 sacramenta
1228 3721 1255 3772 et

33 3771 102 3834 ΠΝ
113 3790 288 3849 damnabant.
303 3793 393 3847 Simili
405 3811 513 3860 quoquc
524 3811 611 3862 poena
622 3795 703 3861 plecti
716 3812 855 3849 censemus
872 3812 972 3859 omncs,
986 3813 1052 3862 quos
1064 3798 1099 3850 ad
1110 3799 1255 3852 fovendum

29 3840 230 3932 boeticorum
241 3893 362 3931 errorem
375 3876 490 3930 callidus
504 3876 589 3931 hostis
606 3877 718 3932 suscitat
734 3879 878 3931 aduocatos
889 3878 932 3931 vel
947 3883 1027 3945 parat
1043 3879 1153 3933 illicitos
1164 3880 1253 3935 defen-

25 3939 116 4025 ⁸⁰¹Jflss3
132 3961 248 4013 maxime
260 3976 322 4012 cum
335 3958 441 4011 facinus
453 3977 520 4026 quos
532 3958 647 4026 iniquat,
660 3964 776 4026 aequat3
789 3959 841 4012 nisi
857 3959 1005 4014 monitione
1017 3963 1163 4029 praemissa
1173 3963 1252 4017 desti-

16 4082 24 4134 Ι
42 4025 112 4085 nni
124 4046 258 4096 eteorum
271 4042 343 4095 vitae
361 4043 489 4096 duxerint
505 4042 709 4096 consulendum.
723 4044 776 4096 Eos
793 4048 940 4112 praeterea,
954 4045 1001 4110 qui
1017 4045 1135 4098 convicti
1152 4045 1181 4099 in
1198 4064 1253 4101 uno

11 4103 82 4234 ἐξ)
102 4119 142 4178 dc
158 4124 263 4180 haeresi
284 4127 319 4179 ad
339 4126 394 4179 alia
414 4127 474 4180 loca
494 4144 522 4180 se
542 4128 717 4190 transferunt,
730 4133 762 4181 ut
778 4127 885 4181 cautius
904 4128 1006 4195 possint
1025 4129 1162 4184 effundere
1178 4130 1253 4185 virus

10 4248 41 4303 ὡ
68 4202 182 4263 ”etiem
194 4209 347 4276 pravitatis,
361 4211 480 4263 debitam
492 4227 632 4264 censemus
648 4210 739 4264 subire
751 4210 908 4273 vindictam,
922 4216 953 4265 ut
963 4229 1044 4279 super
1055 4212 1107 4265 hoc
1122 4229 1171 4280 per
1181 4213 1254 4268 viros

10 4329 22 4380 Ί.
55 4283 170 4345 eodem
181 4308 274 4345 errore
286 4308 430 4345 conversos
445 4293 480 4345 ad
491 4292 571 4345 fidem
584 4308 689 4345 necnon
707 4297 734 4345 et
750 4309 799 4358 per
816 4291 892 4355 alios,
906 4292 952 4360 qui
968 4310 1014 4346 eos
1024 4294 1057 4346 de
1068 4293 1174 4348 haeresi
1191 4313 1253 4348 con·

25 4353 162 4437 Qulut,
175 4375 248 4441 quod
259 4380 287 4428 et
303 4372 333 4426 in
349 4374 402 4427 hoc
414 4391 477 4427 casu
491 4373 665 4427 concedimus
676 4373 751 4427 licite
768 4373 930 4437 faciendum,
944 4374 1053 4429 evidens
1070 4375 1254 4431 testimonium

10 4419 171 4565 :gat-itur.
184 4457 253 4512 item
270 4457 365 4511 mamis
385 4457 534 4511 sententiae
553 4456 677 4510 ducimus
695 4454 865 4521 addicendos,
876 4457 899 4510 si
917 4475 983 4524 quos
1000 4456 1198 4513 haereticorum
1218 4458 1253 4510 ad

64 4536 161 4594 ellim
172 4543 273 4595 tractos
291 4538 319 4592 in
337 4542 473 4595 extremae
483 4539 556 4594 vitae
570 4538 692 4608 periculo
709 4538 842 4593 haeresim
859 4539 1024 4607 abjurantes,
1037 4539 1207 4608 postmodum
1218 4539 1251 4594 de
