3188 5408
704 507 805 565 ANNO
823 508 900 562 1472
1377 506 1427 562 429

177 646 334 717 presbiter
350 647 570 704 coniurationem
586 647 729 716 exeomsit,
742 660 848 704 necnon
866 646 1100 702 conseruationem
1115 645 1276 701 eorumdum
1290 644 1425 701 librorum

178 729 329 785 scientias
349 729 510 798 dampnatos
531 729 739 794 continentium,
761 728 863 783 similis
882 728 997 784 dicende
1014 729 1103 783 forent
1123 726 1195 782 siout
1213 726 1248 783 de
1267 726 1424 796 presbitero,

179 810 263 878 quie
283 813 432 866 secundum
450 814 602 881 apostolum
619 813 653 866 ed
671 813 723 867 Ro.
738 817 770 867 1:
790 835 803 856 α
817 815 879 867 Non
891 813 979 866 solum
999 810 1077 880 digni
1093 813 1157 865 sunt
1176 815 1271 876 morte,
1293 811 1340 878 qui
1357 811 1426 868 talia

178 897 287 961 agunt
296 894 341 959 (de
359 895 458 961 quibus
469 895 508 949 ibi
520 894 660 962 loquitur),
673 895 720 949 sod
730 899 759 949 ot
773 896 819 963 qui
838 895 1010 948 omssntiunt
1020 892 1191 956 facientibus,
1205 916 1219 939 n
1231 910 1265 947 ox
1274 909 1330 960 ¹quo
1340 893 1425 947 trehi-

179 981 240 1030 tur
263 976 336 1031 illud
355 978 515 1046 uulgatum:
541 982 652 1046 agentes
675 981 701 1031 ot
724 977 920 1032 consentientes
942 976 1002 1044 pori
1024 992 1094 1044 pona
1113 974 1264 1043 pumiuntur
1283 980 1424 1042 quantum,

178 1057 304 1112 scilieet
317 1058 354 1112 od
371 1059 442 1113 idom
453 1074 539 1127 genus
551 1076 636 1128 pone;
648 1059 695 1114 sod
704 1062 799 1114 utrum
815 1059 846 1113 in
862 1059 957 1115 eodem
968 1073 1068 1127 genero
1079 1056 1222 1125 equaliter,
1235 1056 1361 1126 relinquo
1371 1057 1424 1113 hoo

180 1137 304 1194 indicio
316 1140 490 1196 dominorum
499 1140 730 1210 iurispomtorum.

463 1252 611 1319 Carlorius,
623 1253 683 1310 dool
694 1252 716 1320 I,
730 1252 928 1324 verhendoling
940 1254 980 1309 10.

750 1444 842 1514 825*-

248 1634 337 1700 Voo'r
363 1630 556 1702 November
581 1633 684 1710 1472,
709 1635 745 1699 in
779 1635 801 1699 't
823 1632 955 1701 hisdem
979 1634 1138 1702 Doorm'k
1162 1655 1202 1702 on
1226 1628 1422 1720 Kamerijk.

189 1735 336 1803 Oordool
353 1754 418 1802 ven
440 1736 504 1803 don
528 1735 801 1821 Kamorijksohon
824 1737 930 1803 dokon
953 1738 1090 1818 Ouriior,
1110 1759 1151 1825 op
1169 1757 1337 1823 aanvrseg
1359 1756 1425 1802 ven

192 1838 264 1905 don
290 1838 427 1907 officieul
450 1860 514 1906 ven
542 1839 687 1905 Doornik
715 1838 935 1925 uitgobrucht,
966 1861 1046 1907 over
1069 1840 1216 1908 echttion
1248 1837 1426 1906 verdaehto

194 1941 374 2028 stellingon
402 1961 465 2009 ven
497 1961 599 2008 eonon
623 1942 764 2009 zekoron
791 1944 969 2024 Massinus,
1003 1943 1055 2012 dio
1086 1950 1183 2031 teger
1208 1944 1272 2011 don
1292 1946 1427 2029 pestoor

195 2044 305 2131 zijnor
327 2044 479 2129 parochie
495 2045 600 2132 (Siste
623 2045 828 2134 Ketholijno)
843 2066 914 2112 was
945 2052 1125 2133 opgestaen
1149 2065 1190 2113 on
1209 2046 1260 2112 dio
1287 2045 1426 2112 daeren-

192 2145 316 2225 bovon‚
336 2148 435 2214 nadat
451 2147 496 2235 hij
515 2148 550 2214 in
565 2147 629 2233 don
646 2148 768 2215 korkor
782 2149 840 2214 dor
856 2150 1027 2234 Inquisitio
1041 2170 1108 2216 was
1121 2167 1312 2236 geworpon‚
1328 2144 1425 2212 alior-

195 2247 240 2314 loi
257 2247 411 2336 delinges
428 2271 469 2316 on
486 2249 658 2335 gokhodon
676 2249 740 2317 hed
758 2252 975 2337 vorkondigd.
996 2290 1037 2300 -
1055 2251 1164 2317 Ondor
1180 2250 1232 2317 dio
1248 2248 1426 2333 stellingon

195 2349 264 2438 zijn
294 2372 331 2418 or
355 2351 560 2430 kottorseho,
597 2351 834 2440 schendolijko,
863 2355 1045 2440 oproorigo,
1072 2372 1145 2420 enz.
1172 2351 1228 2418 uit
1252 2347 1426 2418 Messinus'

196 2455 293 2540 gorel
310 2454 406 2544 blijkt
428 2458 602 2542 ovorigons
619 2455 681 2522 hoo
704 2456 887 2544 goveerlijk
903 2475 986 2525 voor
1001 2457 1041 2522 do
1069 2455 1185 2521 loekon
1205 2453 1264 2520 hot
1278 2450 1425 2518 beritton

195 2575 262 2624 ven
278 2576 358 2625 oeno
373 2560 538 2646 vertoling
552 2578 616 2625 ven
633 2556 697 2627 don
713 2558 816 2647 Bijbol
832 2560 866 2626 in
882 2558 924 2626 do
940 2555 1141 2626 mooderteal
1156 2557 1198 2624 is.

232 2740 411 2811 Qualifioatio
422 2750 559 2796 certorum
572 2740 755 2797 aneatorum
766 2752 791 2798 et
808 2748 884 2800 ratio
895 2746 955 2799 eim
968 2750 1067 2798 eontra
1079 2739 1229 2812 quomam
1240 2745 1381 2793 eranum
1393 2741 1425 2792 in

193 2832 371 2878 swameoto
382 2828 540 2890 eucaristie,
555 2834 602 2880 eto.

230 2938 349 2994 Primus.
363 2939 464 2995 Verum
476 2957 575 3008 eorpus
587 2940 698 2994 Domini
711 2940 796 2997 nostri
808 2941 893 2996 Jhosu
908 2940 1010 2996 Christi
1027 2954 1082 2993 non
1094 2943 1135 2994 ost
1145 2937 1175 2992 in
1186 2937 1269 2993 misse
1279 2937 1424 3006 nisispiri-

191 3021 307 3078 tueliter
320 3027 348 3077 et
363 3039 413 3090 per
423 3022 554 3091 muriam,
568 3024 634 3090 quie
644 3023 683 3077 ibi
696 3040 750 3078 non
761 3027 802 3079 est
814 3024 867 3078 nisi
879 3022 1073 3092 representatis
1085 3020 1201 3089 predicti
1218 3019 1277 3075 veri
1291 3020 1422 3088 eorporis.

192 3104 332 3160 Similiter
341 3104 371 3158 in
382 3105 466 3159 celioo
477 3110 537 3173 post
547 3106 779 3162 consecrationem
797 3125 851 3162 non
864 3112 904 3163 est
918 3124 999 3163 verus
1009 3104 1122 3174 sanguis
1132 3104 1234 3160 Christi
1243 3119 1295 3171 pro
1305 3102 1383 3157 nobis
1395 3104 1424 3158 in

191 3201 279 3240 emoe
287 3187 395 3250 offusus,
409 3188 455 3242 sod
467 3193 507 3242 ost
517 3187 556 3241 ibi
568 3188 656 3241 solum
667 3187 998 3257 representatio.prodioti
1010 3187 1069 3242 veri
1088 3184 1240 3254 sanguinis,
1259 3183 1337 3238 iuxta
1355 3185 1424 3240 illud

192 3268 271 3336 quod
290 3268 419 3322 scribitur
437 3269 467 3322 in
487 3270 647 3338 Euangelio,
675 3272 748 3337 quod
768 3271 891 3327 Christus
910 3272 1022 3338 loquens
1041 3270 1075 3323 do
1093 3269 1145 3322 hec
1162 3266 1278 3322 matoria
1297 3265 1405 3321 dicebat
1416 3286 1423 3321 :

192 3371 208 3393 «ι
223 3348 285 3404 Nisi
296 3349 530 3406 menduouueritis
543 3367 652 3405 curnem
665 3352 714 3417 filij
727 3351 845 3406 hominis
856 3356 883 3406 ot
894 3350 1017 3406 biberitis
1028 3350 1086 3404 eius
1094 3348 1266 3418 sanguinem,
1277 3362 1332 3401 non
1343 3346 1424 3402 hebo-

191 3431 261 3486 bitis
272 3431 357 3486 ritem
368 3432 399 3485 in
408 3432 494 3487 vobis.
510 3456 522 3480 ι
535 3433 671 3488 Dixerunt
681 3433 809 3501 discipuli
820 3451 827 3487 ε
843 3455 855 3477 u
869 3435 960 3488 Durus
979 3437 1021 3488 ost
1037 3433 1083 3486 hic
1102 3449 1200 3495 sermo,
1210 3434 1239 3484 et
1258 3429 1319 3496 quis
1337 3435 1425 3497 potest

190 3527 260 3566 eum
272 3512 385 3567 audiret
396 3538 409 3560 n
421 3513 572 3582 Respondit
582 3514 679 3569 Jhesus
691 3533 697 3569 :
712 3536 724 3559 u
737 3515 795 3570 Hoc
807 3533 854 3570 vos
865 3514 1030 3570 scanduliret
1041 3534 1048 3582 3
1059 3513 1171 3583 spiritus
1179 3517 1220 3568 ost
1230 3511 1279 3581 qui
1290 3510 1423 3576 vinitiout,

190 3606 262 3644 cero
272 3607 328 3645 non
338 3593 447 3660 prodest
457 3593 596 3661 quicquid.
608 3594 707 3656 Verbo,
721 3612 774 3662 quo
784 3595 892 3649 locutus
908 3611 969 3648 sum
980 3593 1066 3658 vobis,
1079 3593 1191 3662 spiritus
1207 3593 1304 3648 etrite
1324 3597 1395 3648 sunt.
1409 3617 1422 3640 n

190 3674 266 3729 Item
277 3673 343 3728 alibi
354 3675 485 3744 scriptum
494 3675 573 3731 estin
582 3676 734 3745 Euangelio
743 3694 750 3730 :
762 3697 774 3721 u
786 3676 840 3730 Ubi
851 3678 906 3732 duo
914 3677 1023 3732 veltres
1033 3675 1192 3745 congregati
1202 3679 1266 3730 sunt
1274 3675 1305 3729 in
1313 3674 1424 3730 nomino

189 3773 266 3819 moe,
276 3754 307 3809 in
323 3757 412 3810 modio
423 3774 518 3812 eorum
536 3775 605 3811 sum.
621 3779 633 3802 u
644 3758 726 3812 Modo
744 3759 869 3814 socordes
880 3761 922 3814 ost
933 3775 1012 3823 unus,
1025 3761 1053 3813 ot
1069 3758 1153 3813 verbs
1163 3773 1216 3826 quo
1228 3757 1332 3825 prefert
1342 3755 1422 3822 elius,

189 3837 234 3891 sic
260 3836 382 3892 Christus
402 3843 442 3893 ost
459 3839 488 3892 in
508 3839 598 3894 modio
618 3855 668 3907 por
686 3840 818 3908 greciam.

228 3923 255 3973 2.
268 3918 341 3973 Deus
350 3920 432 3975 estin
442 3920 533 3984 misso,
547 3920 570 3974 si
582 3923 707 3977 sacerdos
717 3926 757 3976 ost
768 3923 849 3976 Deus.

227 4006 256 4057 3.
270 4003 385 4058 Curatius
397 4002 496 4059 Sancto
505 4003 663 4069 liutherius,
676 4005 707 4059 in
725 4005 803 4060 cuius
815 4004 945 4073 parochie
957 4004 1005 4059 illo
1016 4003 1152 4061 Messinus
1168 4008 1300 4068 moretum,
1314 4021 1370 4060 non
1381 4009 1421 4061 est

191 4102 263 4140 suus
280 4090 398 4149 curatus,
411 4085 476 4153 quia
493 4103 557 4140 suus
569 4086 695 4155 proprius
706 4092 825 4152 curatus,
840 4087 887 4155 qui
899 4104 962 4141 eum
981 4087 1122 4141 absoluere
1132 4090 1229 4154 potest,
1239 4091 1280 4141 ost
1296 4087 1327 4140 in
1346 4087 1420 4152 uelis,

186 4171 275 4238 Juxta
286 4167 372 4223 illud:
392 4189 404 4212 u
419 4168 591 4223 Confitemini
609 4169 734 4234 Domino,
748 4169 877 4237 quoniam
888 4170 983 4235 bonus,
997 4168 1126 4237 quonism
1137 4168 1168 4223 in
1180 4169 1301 4224 seculum
1316 4168 1421 4224 miseri·

191 4249 295 4306 cordis
305 4250 373 4305 eius.
388 4275 400 4297 a

228 4338 255 4387 4.
269 4332 311 4388 ito
321 4334 392 4388 bone
403 4336 467 4388 sunt
478 4332 613 4388 orationes
624 4332 654 4387 in
666 4333 769 4403 eampis
779 4336 828 4389 eut
839 4333 869 4387 in
879 4333 960 4388 domo
971 4331 1042 4388 sicut
1052 4330 1083 4386 in
1094 4331 1217 4398 oeulosie,
1230 4332 1296 4401 quie
1307 4330 1422 4387 eeclesia

192 4413 276 4470 istius
287 4413 401 4469 Messini
412 4418 453 4470 est
469 4414 593 4483 superius
603 4416 633 4469 in
648 4415 722 4480 eolis,
736 4417 819 4484 juxte
828 4414 899 4470 iliud
914 4415 987 4484 quod
1002 4411 1071 4469 dicit
1087 4413 1220 4469 Dominus
1236 4412 1417 4481 Samaritano,

193 4495 347 4555 secundum
357 4497 430 4565 quod
440 4496 470 4552 in
487 4513 537 4553 sue
550 4497 658 4564 virgari
675 4497 760 4552 biblis
775 4497 844 4554 dicit
860 4513 918 4553 esee
927 4496 1059 4564 seriptum
1070 4512 1077 4550 :
1087 4496 1209 4561 Fommo,
1222 4511 1287 4564 croy
1298 4511 1333 4550 en
1343 4509 1419 4566 moy,
