3194 5408
611 461 712 517 ANNO
731 464 806 515 litt
1271 468 1319 520 327

87 598 213 737 febri-igr
223 601 250 655 ie
261 598 417 655 chunoalim
432 596 562 655 conseilla
578 601 612 655 de
627 601 654 655 le
669 601 770 656 rendre
786 618 804 654 a
821 601 961 657 condition
973 604 1007 658 de
1017 618 1067 671 par
1078 609 1157 671 apres
1168 622 1202 660 an
1213 605 1282 662 taire
1291 606 1320 661 la

89 697 181 751 pugni
204 699 250 736 on.

357 747 515 812 thoires,
542 755 590 801 etc.
618 746 653 800 de
680 745 710 800 lo
734 744 801 800 cille
824 746 858 800 dc
887 747 1084 803 Valeneiennes
1099 767 1158 820 par
1179 752 1223 807 M·
1243 753 1316 807 Jeon

393 828 545 900 torquem
560 830 620 885 deel
631 829 667 896 11,
680 830 726 884 fol.
740 833 797 884 278.
809 858 843 870 -
853 830 900 885 Zie
910 830 1015 900 hooger
1025 850 1074 887 ons
1084 843 1114 887 nr
1125 836 1183 888 279.

142 1231 251 1313 1448,
277 1233 395 1320 Rijsel.
416 1233 670 1320 Aanteekening
692 1253 756 1300 van
781 1233 897 1299 Renon
921 1232 960 1297 de
983 1231 1109 1298 Franco
1125 1233 1197 1319 (17·
1212 1231 1321 1321 eeuw)

91 1355 177 1402 over
191 1356 252 1403 een
268 1337 386 1403 vonnis
397 1356 461 1402 ran
478 1337 542 1403 den
557 1336 709 1423 hisschop
724 1357 789 1403 van
806 1335 951 1401 Doornik
966 1356 1008 1401 en
1024 1355 1089 1402 van
1104 1335 1167 1403 den
1183 1335 1317 1422 inquisi-

92 1442 175 1506 teur
185 1442 284 1526 teger
298 1439 415 1507 enkele
426 1439 565 1519 letters,
581 1440 632 1505 die
645 1439 757 1506 aldaar
770 1435 933 1504 verbrand
949 1438 1091 1505 werden.

127 1624 172 1678 En
193 1624 384 1689 l'an1448‚le
406 1623 508 1680 ricaire
530 1626 564 1680 de
585 1624 766 1693 l'inquisiteur
787 1625 879 1678 donna
899 1628 1024 1680 sentence
1035 1640 1119 1692 avers]
1133 1624 1265 1693 levesque
1286 1627 1321 1681 de

94 1703 221 1760 'semmai
229 1707 324 1759 contre
334 1706 451 1759 aulcunz
458 1706 627 1774 hereticques
639 1709 764 1760 executor
774 1721 824 1773 par
833 1705 859 1759 le
872 1706 916 1760 feu
926 1722 961 1759 en
972 1706 999 1759 la
1007 1704 1072 1760 ville
1082 1705 1204 1771 detine,
1215 1709 1232 1760 ia
1243 1706 1321 1762 l'aide

92 1790 123 1843 et
133 1785 282 1862 mutones
292 1787 340 1842 des
351 1786 468 1843 officiers
479 1789 516 1841 du
528 1789 588 1842 Duc
599 1789 633 1842 de
644 1786 828 1856 Bourgoigne.

359 1903 486 1957 Histoire
508 1901 556 1956 des
576 1901 695 1955 troubles
715 1901 763 1954 des
785 1903 935 1970 Pam-Bas
955 1918 1012 1971 por
1033 1904 1148 1957 messirc
1169 1903 1266 1960 &non
1285 1902 1320 1958 do

393 1987 510 2051 Ftcncc,
524 1986 686 2056 uitgegeven
697 1985 846 2050 doorPiot,
859 1986 909 2040 blz.
919 1989 961 2040 dl.

684 2192 775 2262 289.

144 2386 250 2466 1448,
274 2385 369 2452 Geni.
390 2386 526 2453 Oordeel
544 2405 607 2451 van
632 2384 695 2450 den
712 2384 983 2473 Kamerijkschen
1007 2384 1114 2451 dekcn
1134 2384 1228 2451 Gillis
1244 2385 1322 2452 Car·

95 2490 159 2556 liar
173 2489 381 2577 (Carlerius),
399 2510 439 2574 op
464 2509 631 2574 aanvraag
646 2489 706 2565 der¹
727 2489 1076 2574 vicarissen-gencraal
1091 2506 1155 2555 van
1168 2489 1231 2555 den
1254 2487 1320 2554 bis·

96 2592 199 2678 schop
222 2612 286 2659 ran
311 2592 453 2658 Doornik
481 2590 701 2677 nitgebracht,
721 2612 799 2658 over
823 2590 886 2679 vijf
897 2591 1074 2657 verdachte
1095 2590 1270 2677 stellingen
1288 2596 1322 2657 te

96 2695 186 2762 Gent
202 2694 282 2761 door
297 2714 400 2760 eenen
418 2693 684 2761 minderbroeder
699 2693 883 2780 gepredikt.
903 2731 945 2743 —
963 2696 1046 2760 Dece
1063 2693 1250 2780 stellingen,
1270 2693 1321 2760 die

97 2818 162 2865 aan
178 2798 241 2865 den
265 2797 401 2865 officiant
419 2818 460 2864 en
477 2819 537 2864 aan
563 2798 625 2863 den
649 2797 754 2862 doken
770 2797 895 2864 Carlier
919 2797 1053 2864 werden
1069 2797 1319 2883 onderworpen‚

97 2901 270 2968 verklaart
293 2900 370 2967 deze
398 2901 516 2968 laatste
544 2900 707 2986 oproerig,
734 2900 907 2987 lasterlijk‚
934 2900 1116 2980 kettersch,
1147 2921 1219 2967 enz.
1250 2901 1321 2988 Zijn

98 3003 219 3070 besluit
235 3004 273 3085 is,
294 3004 350 3071 dat
375 3024 448 3070 men
475 3008 524 3071 tot
549 3003 627 3069 zelfs
643 3001 686 3091 bij
705 3004 767 3070 den
783 3024 864 3088 paus
878 3024 937 3070 zou
960 3008 1088 3097 moeten
1104 3003 1319 3090 aandringen,

99 3107 198 3193 opdat
222 3106 262 3173 de
289 3107 458 3193 predikers
486 3107 544 3173 der
570 3106 729 3172 biddende
757 3106 858 3171 orden
886 3105 1008 3173 slechts
1032 3107 1133 3172 under
1161 3107 1200 3173 de
1227 3126 1322 3173 vcor-

98 3211 275 3295 zichtigste
291 3231 333 3277 en
349 3210 533 3296 geleerdstc
551 3208 705 3276 broeders
720 3209 844 3276 zouden
860 3210 995 3275 worden
1011 3209 1169 3297 gekozen.

132 3397 253 3452 Articuli
274 3399 395 3468 quinque
415 3400 549 3451 iniuriosi
568 3404 593 3449 ct
612 3397 743 3452 sediciosi
764 3400 889 3466 impositi
908 3394 1022 3449 cuidam
1042 3395 1128 3463 fratri
1147 3397 1253 3449 minori
1267 3412 1322 3464 per

98 3481 229 3535 dominos
245 3483 366 3534 vicarios
382 3480 575 3544 Tomoccnses,
589 3495 656 3550 quos
672 3481 765 3548 fertur
777 3480 939 3548 predicasse
957 3480 988 3529 in
1002 3477 1141 3534 Garadcuo
1158 3493 1233 3530 anno
1247 3477 1320 3531 ttlt.

133 3579 243 3634 Primus
262 3579 402 3634 articulus.
424 3581 519 3634 Primo
541 3579 693 3648 predicauit
713 3579 786 3647 quod
808 3578 896 3633 curati
916 3577 1037 3633 vendunt
1058 3582 1235 3642 sacramenta,
1255 3577 1322 3646 quia

99 3684 156 3721 non
166 3666 333 3734 baptisarent
343 3665 546 3720 cathecuminos
558 3663 610 3718 nisi
622 3665 754 3718 haberent
765 3661 899 3731 premium
910 3661 983 3715 inde.

133 3747 274 3801 Secundus
292 3747 433 3802 articulus.
455 3750 523 3805 Item
543 3746 615 3814 quod
637 3750 745 3800 centum
763 3749 790 3798 et
810 3745 883 3798 ultra
903 3747 1063 3811 permanent
1081 3743 1110 3797 in
1130 3744 1248 3811 peccatis
1267 3746 1324 3800 suis

99 3829 227 3884 videlicet
246 3829 348 3898 publici
366 3829 560 3896 fornicatorcs3
579 3828 602 3881 si
622 3833 729 3896 possent
748 3829 813 3882 dare
831 3827 968 3895 pecunias
982 3829 1071 3882 curati
1088 3828 1262 3884 admitterent
1278 3848 1323 3884 eos

98 3913 135 3966 ad
147 3913 361 3967 contrahendum
373 3911 587 3967 matrimonium.

133 3995 247 4048 Tercius
269 3993 410 4049 articulus.
440 3993 507 4048 Item
531 3995 602 4061 quod
625 3995 677 4063 ipsi
699 3995 834 4063 cordigeri
858 4001 885 4049 et
907 4012 999 4048 omnes
1021 3994 1210 4048 mendicantes
1226 3993 1323 4048 melius

99 4080 212 4146 possunt
227 4076 323 4130 audire
341 4075 521 4130 confessiones
537 4076 679 4130 hominnm
692 4094 773 4144 quam
785 4076 882 4139 curati,
896 4093 959 4130 nam
971 4079 1129 4143 potestatem
1141 4093 1222 4143 quam
1234 4076 1324 4131 curati

97 4161 209 4222 habent,
223 4162 329 4213 tantum
339 4160 442 4214 habent
452 4160 487 4213 ab
498 4159 633 4228 episcopo,
646 4164 673 4214 ct
687 4159 739 4227 ipsi
756 4159 858 4214 habent
869 4162 1027 4227 potestatem
1039 4175 1055 4211 a
1065 4175 1153 4226 papa3
1165 4158 1235 4213 dixit
1250 4163 1278 4214 et
1293 4159 1323 4214 in

98 4245 154 4297 tine
165 4260 193 4296 se
203 4242 304 4296 habere
316 4246 475 4309 potestatem
486 4242 673 4310 episcopalem.

133 4326 253 4390 Quartus
264 4325 406 4379 articulus.
426 4324 493 4379 Item
506 4326 578 4392 quod
596 4325 683 4380 curati
703 4342 757 4379 non
777 4325 875 4379 debent
892 4323 976 4377 alicui
995 4324 1180 4379 contradicere
1196 4323 1324 4379 adminis-

98 4410 246 4466 trationem
266 4407 420 4471 eucaristie,
439 4408 504 4462 licet
527 4407 702 4475 parrochiani
723 4407 844 4476 ipsorum
864 4423 1004 4475 nunquam
1024 4408 1219 4465 confiterentur
1238 4405 1277 4462 eis
1296 4406 1326 4464 in

97 4493 220 4560 acclestjs
231 4490 287 4546 suis
298 4489 524 4560 parrochialibus.
