3194 5408
600 531 701 586 ΑΝΝΟ
720 534 795 586 1163
1265 531 1311 585 401

71 663 279 735 Μὶὶὓσὶδυε,
291 669 449 738 dyocesanis
459 686 493 724 ac
503 669 690 738 episcoporum
702 670 821 738 vicariis,
834 674 865 725 ut
875 670 947 725 Deus
962 687 1025 723 oum
1037 670 1136 738 populo
1147 667 1316 724 sermonibus

73 744 246 807 “lantibus
256 757 402 808 nonerunt,
415 753 451 807 lit
470 753 544 821 quia,
556 753 660 808 domini
676 754 739 818 mei,
757 753 832 807 illius
848 757 889 808 est
905 753 1088 821 interpretari,
1101 751 1181 807 cuius
1197 756 1238 806 est
1253 766 1316 805 con·

75 821 153 879 ἀπο
175 833 313 903 signantis
333 836 363 890 in
382 838 464 892 rebus
480 839 611 903 obscuris,
630 839 690 894 ideo
710 840 794 894 offero
813 838 945 907 meipsum
966 838 1096 907 premissa
1115 839 1317 893 declaraturum

78 909 194 966 ramis
204 933 296 971 comm
307 923 473 987 reuereucljs
485 921 633 974 secundnm
644 921 766 989 graciam
780 920 865 975 michi
876 938 893 974 a
905 921 960 975 Deo
972 923 1121 988 prestitam,
1133 925 1161 975 et
1176 921 1318 974 doctorum

79 994 264 1054 maenam
284 1017 392 1070 semper
409 1018 472 1056 oum
493 1002 611 1071 benigna
630 1003 833 1070 supportatione
851 1002 993 1057 humiliter
1010 1002 1167 1071 petiturum,
1186 1006 1320 1069 quatenus

78 1077 190 1163 'Q
203 1082 295 1152 gracie
313 1089 341 1138 et
360 1084 546 1139 misericordie
565 1084 779 1138 habundantiam
802 1101 868 1153 erga
887 1102 975 1140 meam
996 1085 1161 1139 modiculam
1178 1098 1320 1152 personam

77 1160 169 1215 mie
181 1167 281 1236 agmdo
292 1165 446 1237 dignemini
463 1166 592 1235 largitlua
613 1166 766 1230 extendere,
779 1167 916 1222 offerendo
927 1183 970 1221 me
978 1167 1013 1221 ad
1025 1167 1179 1222 orationum
1190 1163 1322 1233 suffragia

74 1240 201 1301 mimi
209 1265 256 1317 pro
267 1250 347 1304 bonis
357 1248 554 1303 intentionibus
564 1247 740 1316 imposterum
752 1249 912 1303 dandamim.

110 1319 235 1382 Coeba
254 1333 451 1400 respersione
477 1345 526 1382 seu
549 1331 732 1398 confasioncs
752 1333 851 1397 fratris
872 1332 1001 1399 Dyoniaij
1017 1331 1154 1385 Soncaim
1171 1328 1205 1381 de
1223 1326 1322 1381 ordine

69 1401 243 1464 ’fimorum
253 1414 286 1464 tn
295 1410 418 1465 sennua
429 1414 576 1464 audientia
588 1419 613 1464 et
623 1411 735 1474 ultima,
749 1416 797 1481 qui
809 1412 942 1465 sediciose
954 1412 1153 1480 predicauerat
1165 1414 1196 1464 in
1208 1408 1319 1462 multis.

98 1478 372 1561 Pninsiesponsio
380 1493 474 1548 framis
484 1492 599 1559 Dionisij
610 1511 658 1549 seu
670 1495 782 1549 assertio
791 1499 842 1549 eto.
850 1501 890 1550 est
903 1495 1046 1564 indigesta,
1057 1495 1230 1562 incompleta,
1238 1490 1323 1547 dubia

61 1562 92 1613 ei
134 1564 212 1624 ideo
235 1571 381 1626 temeraria
397 1577 426 1627 et
447 1573 597 1640 periculose
616 1578 726 1628 asserta.
749 1574 895 1642 lndigesta‚
917 1575 982 1642 quia
999 1577 1083 1628 staret
1098 1575 1170 1642 quod
1181 1572 1243 1641 quis
1253 1574 1323 1626 esset

61 1651 237 1706 oonfesus
247 1653 424 1723 priuilegiato
435 1660 576 1722 prenotato
587 1661 638 1710 eto.
652 1658 753 1724 absque
764 1657 903 1711 attritione
914 1661 963 1711 aut
979 1655 1143 1711 contritione
1159 1656 1202 1710 vel
1219 1655 1320 1709 incom-

59 1724 305 1817 pleteaelilcte‚
318 1753 373 1804 quo
391 1753 454 1790 casu
466 1739 604 1792 teneretur
620 1739 743 1793 confiteri
760 1740 842 1792 semel
862 1739 892 1792 in
914 1756 985 1793 anno
1002 1756 1052 1792 suo
1064 1742 1167 1801 curato,
1181 1736 1323 1806 presertim

59 1824 82 1861 ¹¹
113 1813 230 1878 puilia
245 1816 350 1872 Paache
365 1817 461 1872 nisset
475 1819 612 1873 confessus
629 1820 813 1889 priuilegiato,
827 1838 876 1875 nec
888 1821 1018 1887 usquead
1030 1821 1102 1874 diem
1115 1819 1220 1874 Pascha
1235 1822 1324 1886 posset

59 1889 274 1963 ulteriorum
290 1902 387 1953 curato
404 1899 536 1953 confiteri.
555 1900 730 1969 Incompleta,
752 1902 817 1970 quia
839 1906 931 1965 staret,
955 1903 1027 1970 quod
1047 1906 1107 1969 post
1129 1901 1323 1956 comessionem

63 1972 207 2030 neum
217 1976 392 2048 priuilegiato
399 1978 504 2046 aliquid
515 1982 629 2036 mortale
644 1981 824 2037 committeret
836 1983 982 2038 antediem
995 1984 1092 2037 festum
1103 1982 1207 2036 Pascha
1219 1986 1246 2036 et
1257 1987 1323 2036 tunc

63 2060 241 2114 metabor
255 2060 325 2114 illud
342 2064 437 2116 curato
454 2062 587 2126 confiteri,
605 2063 629 2116 si
649 2080 703 2117 non
720 2068 825 2131 pateret
841 2065 875 2118 ad
892 2064 1098 2133 priuilegiatum
1121 2064 1219 2119 aditus.
1233 2062 1323 2117 Dubia

67 2137 222 2205 quidm,
237 2143 302 2208 quia
313 2141 400 2209 aliqui
411 2143 534 2198 doctores
545 2144 640 2199 famosi
658 2145 687 2198 in
704 2146 849 2215 theologia,
858 2147 957 2214 quibus
978 2148 1072 2201 beatus
1094 2146 1212 2200 Thomas
1229 2145 1324 2199 fauere

69 2218 221 2288 videor,
232 2224 282 2278 sub
293 2222 378 2277 dubio
388 2222 485 2279 dicunt
494 2226 567 2293 quod
578 2227 714 2280 confessus
725 2227 900 2296 priuilegiato
909 2232 972 2282 aute
983 2225 1054 2281 diem
1065 2226 1178 2291 Pascha,
1192 2230 1223 2281 ut
1234 2229 1325 2280 seruet

72 2305 236 2360 Mimo
266 2305 376 2372 concilii
397 2308 552 2375 generalis:
579 2309 674 2363 Omnis
694 2310 836 2377 utriusque
855 2327 935 2365 sexus
957 2314 1066 2366 tenetur
1087 2326 1137 2362 suo
1159 2311 1254 2362 curato
1277 2306 1325 2360 illo

75 2382 234 2470 (ΨΜ,
244 2388 267 2442 si
278 2393 343 2444 ante
354 2387 443 2442 eidem
454 2389 484 2443 in
495 2407 567 2444 anno
578 2390 627 2445 illo
638 2409 693 2446 non
704 2392 787 2447 fuerit
798 2395 943 2456 confessus,
957 2390 1080 2447 confiteri
1098 2390 1205 2445 venalia
1218 2409 1225 2456 3
1246 2393 1281 2452 et,
1294 2391 1326 2442 ut

78 2459 209 2532 meunt,
218 2468 265 2524 ille
273 2474 316 2526 est
327 2486 406 2524 casus
416 2487 470 2539 quo
478 2472 585 2526 venalia
604 2474 703 2528 debent
714 2475 747 2527 de
758 2474 915 2528 necessitate
935 2473 1068 2537 confiteri,
1079 2476 1157 2527 extra
1173 2487 1253 2538 quem
1270 2486 1325 2524 non

80 2542 448 2617 immorassemus,
454 2570 618 2621 quamquam
625 2556 753 2623 quislibet
762 2560 870 2611 tenetur
876 2574 930 2611 non
937 2560 1126 2624 contempnere
1135 2554 1184 2608 illa
1191 2551 1323 2607 confiteri.

81 2615 168 2677 1400
178 2632 324 2693 temerarm
340 2641 368 2692 et
383 2637 534 2705 periculose
550 2644 660 2704 asserta,
673 2639 738 2706 quia
754 2641 854 2708 populo
870 2644 918 2694 aut
935 2640 1008 2694 clero
1024 2639 1053 2692 in
1070 2636 1185 2692 materia
1196 2637 1324 2704 tangente

78 2710 284 2772 &maenum
305 2734 425 2772 asserere
446 2717 530 2773 dubia
547 2720 728 2786 periculosum
745 2726 771 2775 et
794 2720 969 2775 temerarium
986 2728 1034 2774 est.
1054 2719 1148 2772 Posset
1163 2715 1237 2771 enim
1256 2715 1326 2768 alter

76 2791 226 2855 mmm
237 2801 405 2862 uermerium
414 2804 442 2854 et
452 2800 491 2854 sic
503 2802 681 2856 redderentur
691 2801 828 2856 auditores
840 2802 868 2856 in
879 2806 955 2856 tanta
964 2800 1079 2855 materia
1087 2799 1216 2867 perplexi.
1223 2797 1326 2850 Verum

76 2864 122 2914 ⁸⁸²
138 2882 233 2937 quod
242 2887 353 2950 peooata
370 2882 518 2936 confessata
527 2883 580 2937 rite
591 2889 618 2938 et
629 2884 717 2938 debite
729 2883 904 2952 priuilegiato
923 2888 1072 2951 prenotato,
1086 2881 1108 2934 si
1121 2898 1175 2935 non
1197 2879 1327 2933 excedant

129 2952 268 3018 ultanum
285 2963 312 3018 ci
329 2981 491 3028 concessam,
516 2982 570 3019 non
587 2971 651 3020 sunt
671 2968 705 3020 de
727 2967 883 3021 necessitate
900 2966 999 3020 iterum
1021 2963 1153 3018 sacerdoti
1177 2958 1327 3030 parochiali

72 3032 272 3111 eonfitonda,
286 3050 318 3100 ut
338 3045 421 3100 habet
441 3047 584 3101 decretalis
606 3051 701 3102 contra
719 3049 879 3116 magistrum
899 3047 1051 3101 iohannem
1070 3045 1104 3098 de
1124 3043 1254 3098 Poliaoo:
1275 3042 1328 3094 Vas

69 3098 249 3182 wionis
257 3144 269 3193 ,·
280 3128 327 3183 aad
343 3127 407 3191 alia,
420 3128 443 3181 si
460 3145 514 3195 qua
524 3128 579 3183 sint
590 3130 716 3183 mortalia
727 3134 776 3184 aut
785 3129 901 3192 venalia,
915 3129 937 3182 si
955 3129 1031 3182 nulla
1047 3126 1101 3180 sint
1117 3124 1252 3185 mortalia,
1265 3126 1329 3177 suut

66 3195 242 3264 mee”doti
261 3209 413 3277 parochiali
423 3210 458 3263 de
468 3226 590 3278 congruo
607 3212 760 3265 confitenda
770 3218 819 3265 aut
832 3211 910 3264 alteri
922 3211 955 3264 de
966 3225 1016 3263 sua
1027 3207 1146 3270 licentia,
1159 3207 1206 3275 qni
1218 3205 1328 3258 aliunde

67 3277 133 3322 ⁰⁰¹¹
147 3275 256 3346 habet
266 3290 395 3345 audiendi
407 3295 434 3345 et
443 3293 600 3346 absoluendi
612 3298 779 3360 potestatem.

125 3371 270 3442 ,ecunda
286 3373 399 3426 assertio
415 3377 456 3427 est
472 3375 583 3427 confusa
595 3381 622 3429 et
632 3375 765 3443 indigeste
776 3374 881 3441 prolata
893 3379 1023 3441 quantum
1035 3373 1069 3425 ad
1081 3371 1158 3424 illum
1171 3368 1327 3423 temninum.

66 3421 197 3500 Μ’*ῑῡῑ
214 3459 253 3508 est
263 3453 336 3508 enim
348 3454 448 3521 duplex
459 3454 607 3518 maioritas,
621 3472 676 3508 una
685 3456 833 3517 extensius,
843 3455 898 3507 alia
907 3453 1051 3515 intensius,
1062 3457 1089 3505 et
1097 3452 1135 3504 sio
1143 3450 1237 3504 debuit
1245 3449 1329 3515 expli·

72 3518 156 3569 Q
174 3543 241 3599 qua
256 3533 411 3588 maioritate
433 3540 549 3602 potestas
568 3553 662 3589 eornm
685 3542 725 3589 est
740 3537 829 3588 maior
845 3539 975 3602 potestate
986 3539 1152 3588 curatorum.
1166 3532 1247 3585 Forte
1258 3531 1331 3584 dicet

77 3602 176 3695 un‘}
191 3612 250 3670 hoo
260 3616 325 3670 tecit
336 3615 401 3683 quia
411 3617 552 3672 subiunxit
564 3623 591 3671 et
602 3619 752 3685 gereralior
763 3623 790 3671 et
802 3634 849 3684 pre
859 3618 888 3670 id
900 3622 940 3671 est
952 3635 959 3670 ι
972 3617 994 3669 si
1007 3617 1046 3669 sic
1063 3614 1201 3682 potuisset,
1213 3616 1329 3679 potestas

81 3682 349 3766 lflussegiatomm
357 3701 398 3751 eet
408 3697 504 3762 maior,
524 3698 551 3751 id
563 3705 603 3752 est
613 3699 775 3766 generalior,
794 3699 895 3752 clarior
906 3699 999 3752 fuisset
1009 3714 1058 3750 sua
1070 3695 1190 3749 assertio.
1205 3694 1258 3748 Sed
1268 3694 1292 3746 si
1303 3698 1330 3747 et
1439 3744 1442 3751 ,

90 3768 204 3852 fflt
215 3797 264 3849 pro
275 3779 433 3848 copulatius
443 3781 487 3834 vel
497 3781 531 3834 de
543 3782 669 3848 copulato
688 3787 817 3843 extremo,
834 3798 896 3834 curu
917 3782 951 3834 ad
968 3780 1110 3834 veritatem
1121 3777 1277 3845 copulatius
1288 3793 1328 3829 re·

10 3844 20 3909 ⁸²
102 3851 240 3934 “Qus
246 3865 341 3918 ambas
354 3871 443 3931 partes
452 3882 508 3919 esse
517 3883 603 3929 veras,
613 3866 706 3920 debuit
716 3865 884 3932 distinguere
896 3866 929 3918 de
941 3864 1093 3918 majoritate
1105 3867 1132 3916 et
1143 3878 1197 3913 non
1206 3858 1270 3914 iecit
1282 3876 1332 3913 nec

112 3920 188 3992 ω
196 3959 202 3995 2
211 3949 238 4000 st
247 3945 344 4011 maior,
357 3945 386 4000 id
397 3956 438 4000 est
448 3947 610 4015 generalior.
625 3947 655 4000 Si
666 3948 735 4002 dixit
746 3947 775 3999 in
787 3947 904 4001 sermoni
916 3947 987 4013 quod
998 3950 1114 4014 potestas
1126 3947 1283 3996 curatorum
1292 3945 1333 3995 est

123 4012 292 4100 *bipisoopm
306 4030 346 4085 ita
356 4030 525 4100 simpliciter,
536 4031 564 4085 id
575 4041 615 4086 est
632 4032 690 4085 sine
701 4032 801 4092 addito,
821 4035 848 4084 et
859 4047 913 4083 non
933 4030 1082 4091 reuocauit,
1101 4027 1209 4096 publice
1226 4025 1335 4078 videtur

10 4114 17 4123 '
128 4110 419 4178 nummulorum
432 4119 460 4168 et
471 4115 652 4168 confitendum
661 4119 702 4167 est
712 4114 784 4181 quod
795 4118 836 4166 est
847 4129 864 4165 a
876 4111 1155 4166 Christoimmediate.
1170 4108 1250 4162 Dedit
1261 4107 1334 4160 enim

15 4210 33 4227 *
133 4181 302 4250 illammiliest
309 4199 467 4263 potestatem
479 4195 583 4249 ordinis
591 4201 618 4249 et
624 4194 818 4249 iurisdictionis
829 4196 860 4246 72
870 4193 1017 4260 discipulis,
1026 4191 1153 4259 quoniam
1165 4188 1239 4243 misit
1248 4205 1293 4242 eos
1305 4188 1334 4241 in

10 4290 12 4297 ’
134 4288 223 4331 omnem
244 4277 384 4333 ciuitatem
407 4276 543 4330 stlocum
566 4277 595 4330 in
612 4294 665 4343 quo
683 4280 742 4329 erat
758 4276 815 4344 ipse
831 4280 969 4329 venturus.
992 4275 1071 4327 Dedit
1090 4273 1163 4327 erum
1180 4272 1263 4335 (Luce
1284 4271 1335 4333 10.)

24 4357 46 4391 ·‘
130 4363 274 4433 potestatem
284 4365 316 4415 ut
326 4358 452 4413 demonia
463 4357 582 4413 eicerent
593 4364 620 4413 et
629 4365 660 4412 ut
673 4359 818 4426 languores
829 4362 957 4411 curarent
969 4373 1024 4409 non
1035 4356 1114 4408 modo
1125 4368 1277 4419 corporum,
1289 4350 1336 4403 sed

126 4441 304 4518 principaliter
320 4441 483 4495 animarum.
498 4441 532 4495 Et
543 4441 591 4505 sic,
605 4440 669 4509 quia
680 4440 768 4494 curati
780 4439 928 4492 succedunt
938 4442 970 4490 72
982 4436 1123 4504 discipulis
1135 4435 1206 4487 sicut
1216 4431 1335 4500 episcopi

122 4532 151 4592 12
161 4523 296 4593 apostolis,
310 4526 426 4590 potestas
443 4538 537 4576 eorum
557 4527 598 4576 est
615 4523 648 4576 de
665 4519 799 4577 essentiali
809 4519 965 4574 iherarchia
975 4518 1097 4573 ecclesie.
1111 4518 1233 4571 Potestas
1244 4523 1334 4568 autem

1205 4633 1238 4684 26
