3194 5408
590 546 691 607 ANNO
710 551 787 607 1254
1256 548 1302 604 121

64 690 177 749 inutilis
187 691 351 760 (secundun
362 691 480 763 Ysayam
496 690 651 761 loquentem
662 690 696 748 de
707 687 967 762 Nabugodonoscre)
978 687 1129 759 proiectum
1141 692 1181 746 est
1191 691 1219 746 et
1229 705 1301 746 com·

64 775 191 832 mum·
339 859 459 916 Thomas
471 859 692 926 cantipratensis,
708 854 1153 924 Bonumuniocrsatcdcupibur,
1172 858 1200 909 1ο
1220 854 1300 917 bools,

370 942 434 1010 hap.
448 945 488 996 11.
508 942 547 996 De
564 941 697 1008 schrljver
712 957 768 994 was
788 940 944 1009 gedurenda
961 939 1042 1008 lange
1060 940 1142 1006 jacen
1161 938 1303 1006 coadjutor

372 1025 495 1080 vundan
514 1023 739 1089 Karnerljhschen
758 1022 885 1090 bisschop
904 1021 1036 1076 Nikolaas
1054 1021 1101 1074 des
1118 1019 1301 1075 Fontainesll

370 1106 596 1172 (†1275),cooals
613 1109 640 1159 te
651 1105 726 1159 lezen
742 1108 813 1159 stant
824 1104 853 1158 in
866 1103 986 1158 ltaissus’
998 1102 1115 1170 Belgica
1129 1101 1300 1165 Christiana,
1392 1140 1395 1149 ,

371 1189 421 1243 blz.
442 1192 507 1242 leo:
526 1186 681 1242 vNicolaus
700 1204 718 1240 a
737 1186 870 1241 Fontanis
889 1186 916 1241 11
937 1227 943 1240 .
964 1229 971 1240 .
992 1227 998 1239 .
1019 1183 1195 1239 ‚haereticos
1213 1201 1231 1238 a
1250 1185 1303 1239 tlde

370 1270 506 1326 catholica
517 1269 620 1325 alienos
631 1269 768 1325 intantum
789 1270 893 1332 oderat,
911 1272 944 1322 ut
961 1283 1060 1336 corpus
1077 1266 1219 1321 cuiusdam
1237 1265 1302 1320 Gui-

370 1352 456 1408 lielmi
466 1352 584 1417 Cornelii
597 1349 721 1405 canonici
735 1350 940 1419 Antverpiensis
951 1349 981 1404 in
991 1350 1058 1405 aede
1070 1350 1166 1403 beatm
1178 1347 1302 1417 Virginis

369 1435 505 1504 sepultum
517 1439 577 1502 post
587 1450 673 1488 annos
684 1437 803 1501 quatuor
813 1437 841 1488 et
851 1437 926 1488 terra
936 1431 1017 1487 effodi
1034 1435 1063 1487 et
1078 1429 1203 1486 comburi
1223 1446 1300 1484 cura·

370 1517 449 1581 verit,
462 1516 534 1585 quod
546 1515 640 1571 vivens
650 1516 758 1571 dixerat
768 1532 848 1570 omne
860 1519 1000 1583 peccatum
1019 1512 1172 1583 paupertati
1183 1511 1302 1567 deletum

368 1599 484 1668 ideoque
508 1599 678 1668 praebendae
705 1596 868 1652 beneficium
889 1597 939 1652 sub
968 1601 1109 1664 praetextu
1134 1594 1302 1664 paupertatis

369 1679 529 1736 dimiserat.
550 1722 556 1734 .
577 1722 583 1734 .
603 1722 610 1734 .
629 1679 687 1734 Sub
698 1678 751 1733 hoc
768 1679 882 1734 Nicolao
902 1678 1078 1747 peculiariter
1095 1678 1202 1734 exhibit
1220 1679 1300 1732 coad-

364 1766 446 1833 jutor
464 1768 492 1818 et
512 1761 687 1830 coepiscopus
707 1765 836 1830 tanquam
856 1762 1045 1830 suffraganeus
1066 1778 1115 1829 per
1136 1778 1222 1816 annos
1243 1763 1301 1816 fere

369 1845 485 1915 triginta
511 1846 607 1899 beatus
635 1844 753 1898 Thomas
780 1844 998 1911 cantipratanus
1027 1861 1121 1899 sacrae
1149 1845 1302 1914 theologiae

369 1929 473 1990 doctor,
493 1925 596 1980 ordinis
614 1925 786 1980 Dominicani
807 1931 916 1994 gratum
935 1925 1065 1981 delicium
1086 1933 1114 1982 ct
1132 1927 1229 1982 honor.
1244 1951 1257 1973 n
1268 1955 1302 1966 -

368 2011 438 2065 Dece
455 2010 542 2078 plaats
553 2007 595 2063 nit
611 2009 780 2064 hetBonum
797 2009 958 2062 universale
969 2009 1004 2062 dc
1015 2011 1115 2079 apibus
1134 2009 1209 2063 werd
1224 2008 1303 2062 reeds

370 2093 541 2162 aangehaald
553 2089 583 2145 in
597 2091 745 2159 catalogus
754 2090 948 2154 hereticorum,
960 2095 1012 2146 etc.
1025 2091 1156 2158 (tlcretici
1167 2092 1201 2146 de
1211 2091 1303 2146 littera

370 2173 403 2238 G)
414 2189 449 2228 en
460 2172 490 2226 in
502 2171 670 2234 Diercxsens,
684 2171 848 2240 Amncrpta,
860 2171 920 2224 deel
931 2169 954 2233 l,
966 2170 1017 2225 blz.
1031 2175 1080 2225 231
1090 2189 1126 2226 en
1136 2174 1194 2226 2³8.
1210 2199 1244 2210 -
1254 2170 1301 2225 Zie

370 2254 423 2309 ooli
435 2257 468 2309 Α.
480 2253 620 2318 Wauters,
633 2253 726 2306 chri
736 2253 783 2307 111
792 2252 846 2306 duc
857 2251 892 2304 dc
911 2252 1045 2315 Brutone,
1060 2253 1090 2307 in
1107 2253 1141 2307 de
1161 2252 1302 2304 Bullctv'm

370 2337 405 2390 dc
420 2335 700 2404 l'Acudtmv'eroyulc
719 2334 754 2389 dc
774 2334 918 2404 Bclqtquc,
932 2338 960 2388 2⁰
980 2334 1068 2398 reeks,
1086 2336 1146 2390 deel
1165 2334 1301 2397 XXXIX,

369 2421 420 2474 blz.
432 2424 541 2475 lea-190
552 2423 636 2486 (1815)
647 2437 681 2475 en
699 2419 793 2475 vooral
811 2420 931 2474 Mertens
948 2436 983 2474 en
1001 2421 1088 2485 Torfs,
1104 2417 1302 2475 Gescdicdcuit

367 2516 423 2556 can
432 2501 609 2572 Amwerpen,
622 2500 682 2557 deel
694 2501 715 2567 1,
728 2501 779 2557 blz.
794 2504 842 2558 412
852 2518 888 2558 en
899 2504 955 2556 113.

642 2721 728 2793 127.

113 2913 225 2992 1254,
246 2914 366 2982 Mauri
381 2917 415 2992 9,
438 2917 625 2984 Lmeraun.
642 2916 701 2982 Bul
716 2937 780 2982 van
796 2937 876 3002 paus
888 2916 1100 2985 Innocentius
1113 2917 1160 2983 IV
1172 2917 1302 3004 gericht

60 3022 119 3086 tot
134 3017 177 3083 de
193 3017 406 3104 inquisiteurs
418 3019 477 3085 der
490 3019 823 3104 predikheerenorde,
839 3019 976 3108 waarbij
994 3021 1038 3108 hij
1054 3021 1121 3087 hun
1138 3021 1302 3088 volmncht

62 3122 223 3188 verleent
247 3141 298 3188 om
321 3121 362 3188 de
385 3119 524 3202 letters,
544 3122 656 3189 huone
681 3122 853 3202 kinderen‚
874 3144 993 3202 neven,
1013 3123 1244 3211 begunstigers
1260 3146 1302 3192 en

63 3225 285 3311 volgelingen
301 3231 334 3292 te
349 3223 513 3292 berooven
531 3247 594 3293 vnn
612 3226 677 3293 alie
693 3226 806 3292 hunne
822 3226 955 3294 ambten
974 3249 1015 3294 en
1031 3227 1299 3314 waardigheden,

63 3327 268 3415 goestelijhe
283 3328 333 3394 als
349 3328 566 3416 wereldliJke.
582 3330 619 3394 In
636 3329 914 3414 kettergedingen
931 3331 1040 3397 zullen
1057 3331 1096 3396 de
1113 3351 1230 3396 namen
1245 3331 1304 3397 der

62 3429 271 3517 aanhlagers
283 3453 323 3497 en
336 3432 493 3518 getuigen
506 3432 635 3519 gehcim
652 3432 823 3518 gehouden
837 3433 984 3500 worden.
1003 3435 1097 3500 leder
1109 3435 1303 3520 inquisiteur

63 3553 152 3620 mag
176 3533 283 3600 alleen
305 3535 480 3616 handelen,
514 3536 623 3602 indien
651 3536 737 3624 zijne
763 3536 912 3622 collega's
937 3537 1006 3604 niet
1028 3537 1161 3604 hunnen
1185 3545 1301 3625 tegen-

63 3636 223 3723 woordig
239 3639 318 3726 ziJn.

100 3823 281 3878 Innocentius
299 3823 450 3891 episcopus,
475 3841 569 3879 servus
585 3839 727 3878 servorum
744 3826 803 3889 Dei,
829 3827 937 3882 dilectis
953 3827 1017 3881 tiliis
1040 3829 1171 3883 fratribus
1196 3829 1301 3884 ordinis

62 3905 302 3977 pmedioatorum,
315 3905 523 3972 inquisitoribus
534 3906 671 3961 hereticae
688 3907 839 3974 pravitatis,
851 3911 966 3964 salutem
983 3915 1011 3963 et
1026 3911 1202 3977 apostolicam
1219 3913 1299 3966 bene·

61 3989 232 4047 dictionem.

100 4074 176 4127 Cum
188 4072 328 4141 negotium
341 4073 403 4127 lldei
415 4073 567 4128 catholicae
579 4075 707 4127 advorsus
723 4075 859 4130 heret-icae
876 4075 1017 4143 pravitatis
1037 4093 1143 4130 errores
1162 4079 1246 4141 vobis,
1269 4083 1300 4132 ut

61 4162 163 4212 vostra
182 4155 327 4223 prudentia
346 4157 530 4224 deprehendat
551 4156 707 4224 vulpeculas
724 4158 899 4211 demolientes
911 4158 1018 4211 vincam
1031 4158 1149 4221 Domini,
1163 4161 1212 4213 sub
1224 4164 1299 4214 certa

61 4244 162 4297 forma
173 4254 222 4306 per
233 4237 302 4292 alias
314 4242 418 4292 nostias
429 4240 522 4292 literas
533 4239 691 4292 duxerimus
709 4240 939 4304 committendum,
953 4244 984 4293 ut
995 4240 1167 4294 commissum
1180 4243 1255 4296 vobis
1264 4244 1299 4296 ab

61 4321 223 4392 apostolica
242 4321 305 4375 sede
323 4324 378 4382 tam
395 4323 504 4376 salubre
524 4339 557 4374 ac
577 4321 644 4375 utile
661 4322 843 4376 ministerium
868 4323 965 4391 exequi
985 4324 1098 4378 liberius
1117 4343 1149 4380 ac
1175 4344 1300 4381 exercere

61 4402 182 4475 possitis
200 4402 337 4457 efficacius
354 4402 382 4456 in
400 4403 452 4456 hac
470 4409 555 4471 parte,
576 4404 773 4470 interpretandi
795 4409 897 4459 statuta
919 4406 1101 4460 ecclesiastica
1120 4412 1147 4462 et
1167 4408 1300 4462 secularia

60 4490 168 4543 coum
179 4485 332 4540 haereticos
339 4485 421 4548 edita,
434 4490 462 4540 et
472 4485 655 4545 hereticorum
667 4486 738 4540 filios
755 4491 782 4540 et
799 4492 916 4554 nepotes,
930 4487 1098 4542 credentium
1111 4507 1226 4558 quoqne,
1240 4492 1298 4543 1111-

60 4580 174 4632 torum,
188 4568 359 4624 defensorum
371 4574 399 4624 et
409 4573 609 4637 receptatornm
621 4569 751 4637 ipsorum,
764 4570 953 4639 dignitatibus,
966 4571 1154 4638 personatibus
1170 4577 1198 4627 ct-
1214 4573 1297 4630 hono·
