3188 5408
575 561 676 616 ANNO
696 563 773 616 1232
1255 567 1288 616 83

68 698 216 755 Novissime
234 702 325 751 autem
342 696 437 752 diebus
456 698 515 754 istis
532 700 612 753 tidem
625 699 700 754 nisus
711 699 826 768 pertidia
843 699 992 766 depravare
1009 717 1058 768 per
1075 699 1214 755 ministros
1225 720 1289 755 suos

70 781 218 849 iniquimtis
228 781 366 848 operarios
378 798 482 836 venena
492 784 593 850 sparsit
603 783 754 846 mortifera,
765 782 891 837 seditiose
902 782 1076 838 considerans
1087 786 1159 853 quod
1171 786 1287 839 familia·

71 863 116 920 ris
125 864 200 919 hostis
210 865 243 918 sit
253 865 350 919 efficax
366 866 402 918 ad
413 867 581 933 nocendum,
603 868 649 935 qui
667 867 745 934 quasi
761 865 854 920 dulcia
866 864 1051 933 premittentes
1064 868 1151 920 cauda
1163 873 1288 936 pungunt

72 953 111 1002 nt
119 947 213 1016 scorpio
228 965 261 1001 ex
281 965 366 1002 aureo
385 948 495 1003 tandem
512 949 598 1004 calice
616 948 764 1018 Babylonis
783 947 858 1001 virus
878 947 1048 1015 pestilentiae
1065 949 1200 1016 infusuri;
1224 950 1288 1004 licet

73 1034 165 1084 anem
178 1029 305 1084 haeretici
327 1030 431 1085 diutius
442 1031 574 1085 hacteuus
590 1031 729 1085 latitantes
745 1030 816 1084 sicut
832 1046 931 1084 <ancer
947 1035 1086 1097 serperent
1103 1031 1133 1085 in
1144 1032 1251 1086 occulto
1262 1038 1290 1086 et

73 1112 151 1166 velut
168 1112 254 1179 vulpes
276 1112 391 1167 latentes
411 1113 564 1168 niterentur
585 1115 692 1168 vineam
711 1112 821 1167 Domini
838 1112 1030 1179 demolirijam
1051 1119 1150 1178 tamen,
1173 1115 1290 1182 peccatis

73 1193 244 1262 exigentibus,
271 1197 301 1251 in
322 1203 417 1265 aperto
439 1199 516 1268 quasi
539 1199 602 1267 aqui
626 1199 716 1267 parati
737 1200 772 1252 ad
793 1197 928 1266 praelium
952 1202 1129 1265 praesumunt
1148 1197 1289 1251 manifeste

73 1274 209 1346 insurgam
223 1286 318 1334 contra
329 1298 399 1345 eam,
412 1287 572 1349 quaerentes
592 1281 621 1335 in
633 1281 725 1336 cibum
744 1280 881 1348 simplices
899 1285 927 1334 et
944 1279 973 1333 in
985 1279 1113 1346 praedam
1132 1279 1241 1332 edoctos
1257 1296 1290 1333 ac

72 1358 215 1426 illaqueare
231 1360 409 1415 nihilomiuus
428 1363 522 1418 fideles
540 1363 676 1431 quoslibet
691 1362 747 1416 suis
767 1360 1054 1423 circumventionibus,
1072 1359 1212 1427 cupientes
1230 1360 1290 1414 fieri

71 1440 193 1508 magistri
211 1442 320 1507 erroris,
339 1444 387 1511 qui
404 1461 544 1512 nunquam
570 1444 673 1500 fuerint
692 1444 819 1512 discipuli
840 1443 977 1509 veritatis;
997 1443 1069 1497 uude
1090 1442 1199 1509 expedit
1218 1443 1290 1510 quod

70 1521 227 1591 insurgatur
245 1525 363 1580 viriliter
382 1533 478 1580 contra
497 1545 551 1589 eos,
565 1532 596 1581 ut
615 1544 710 1581 eorum
728 1526 839 1580 omnino
856 1525 962 1579 haeresi
980 1526 1119 1578 confutata
1139 1541 1187 1591 per
1202 1528 1289 1578 totum

70 1604 162 1674 vigeat
172 1607 234 1661 tides
247 1608 357 1671 Christi,
370 1627 432 1662 nam
444 1626 546 1663 corona
557 1616 685 1677 sequetur
696 1609 810 1677 praemii
822 1607 1018 1662 tentationibus
1029 1607 1191 1661 resistentes.

104 1689 171 1743 Cum
182 1706 245 1758 ergo
261 1692 365 1744 dudum
376 1693 575 1760 resplenduerit
591 1691 620 1745 in
631 1691 794 1746 Alemannis
805 1692 860 1744 fida
872 1691 937 1744 fides
948 1707 981 1744 ac
998 1706 1046 1757 per
1054 1690 1106 1743 hoc
1115 1689 1291 1743 formidemus

66 1770 107 1824 ibi
126 1771 213 1838 potius
230 1773 362 1826 animalia
379 1791 513 1827 venenosa
534 1791 567 1828 ue
586 1775 657 1828 forte
677 1772 813 1840 simplices
833 1773 954 1840 ipsorum
971 1771 1078 1824 callidis
1089 1770 1291 1826 seductionibus

64 1852 243 1908 circumventi
260 1860 289 1908 et
305 1855 388 1909 astuti
412 1855 503 1923 pravis
514 1854 792 1910 circumventionibus
808 1854 958 1922 periculose
969 1853 1073 1920 decepti
1085 1853 1116 1906 in
1126 1853 1290 1921 profundum

63 1935 211 1989 deveniant
221 1941 395 2004 peccatorum
406 1937 499 2004 sicque
516 1937 617 1991 ibidem
636 1937 755 1992 violetur
774 1936 837 1991 fidei
857 1938 1076 2001 firmamentum
1093 1952 1141 1988 nos
1153 1934 1201 2002 qui
1217 1934 1291 1988 circa

63 2021 164 2075 horam
176 2020 346 2076 undecimam
358 2021 431 2075 inter
441 2021 589 2090 operarios,
603 2021 687 2075 immo
698 2020 790 2076 verius
807 2038 889 2089 super
907 2018 1047 2087 operarios
1066 2017 1161 2071 vineae
1182 2015 1291 2071 Domini

63 2121 161 2157 sumus
183 2122 199 2157 a
215 2104 421 2173 patrefamilias
433 2104 600 2173 Evangelico
617 2105 747 2173 deputati,
761 2105 827 2158 tacti
847 2104 940 2158 dolore
959 2101 1050 2156 cordis
1066 2101 1223 2164 intresecus,
1237 2118 1291 2154 non

63 2185 188 2239 valentes
204 2189 307 2240 tantrun
327 2186 461 2241 sustinere
479 2185 610 2254 injuriam
632 2186 769 2240 Creatoris
789 2205 821 2239 ac
839 2187 958 2239 volentes
978 2184 1132 2238 animarum
1163 2181 1292 2251 periculis

62 2268 187 2331 obviare,
204 2268 355 2322 multifarie
366 2267 512 2336 multisque
523 2269 611 2322 modis
622 2269 657 2322 ad
668 2269 856 2337 extirpandum
875 2267 1036 2336 pravitatem
1048 2265 1213 2321 haereticam
1230 2265 1291 2319 dili-

61 2357 164 2421 genter
178 2351 316 2406 intendere
333 2370 387 2406 non
407 2370 550 2407 cassamus.
577 2354 645 2407 Cum
665 2359 756 2407 autem
778 2351 922 2407 miserator
932 2357 959 2406 et
978 2352 1132 2406 misericors
1150 2350 1290 2413 Dominus,

61 2435 114 2503 qui
129 2436 262 2490 neminem
274 2437 333 2490 vult
345 2436 443 2504 perine,
451 2438 592 2491 attendens
604 2438 676 2504 quod
688 2437 782 2491 messis
792 2442 852 2492 arat
863 2437 958 2498 multa,
967 2430 1085 2504 operarii
1097 2440 1189 2490 autem
1200 2435 1290 2503 pauci,

61 2519 227 2572 dilectorum
239 2519 361 2572 filiorum
380 2520 497 2573 fratrum
510 2519 727 2587 praedicatorum
740 2520 863 2573 ordinem
881 2518 1028 2582 suscitarit,
1042 2518 1088 2587 qui
1110 2536 1163 2571 non
1175 2536 1233 2582 sua,
1246 2519 1292 2571 sed

61 2619 137 2671 quae
155 2601 218 2656 lesu
237 2601 338 2657 Christi
359 2607 527 2670 quaerentes,
549 2606 604 2657 tam
621 2608 718 2656 contra
739 2603 924 2671 profligandas
951 2601 1076 2656 haereses
1093 2620 1175 2670 quam
1196 2606 1291 2656 contra

63 2689 154 2754 pestes
173 2684 240 2738 alias
259 2685 414 2740 mortiferas
433 2685 607 2754 extirpandas
626 2704 654 2740 se
673 2686 835 2741 dedicarunt
851 2683 1076 2754 evangelizationi
1097 2683 1174 2738 verbi
1195 2682 1245 2737 Dei
1261 2683 1291 2736 in

63 2765 218 2837 abjectione
228 2766 400 2822 voluntariae
412 2769 596 2835 paupertatis;
617 2787 665 2822 nos
685 2771 744 2838 ejus
762 2767 887 2822 instructi
898 2769 1030 2836 exemplo,
1043 2767 1090 2834 qui
1102 2770 1129 2820 at
1148 2765 1291 2820 duodecim

63 2849 201 2918 apostolos
220 2855 247 2904 et
264 2849 333 2904 alios
344 2851 522 2919 suptuaginta
532 2851 599 2904 duos
610 2851 693 2919 elegit
710 2856 737 2905 et
754 2851 832 2905 binos
842 2852 877 2905 ad
890 2850 1102 2919 praedicandum
1114 2853 1177 2902 ante
1194 2848 1292 2902 faciem

62 2947 145 2983 suam
155 2930 264 2995 direxit,
277 2931 364 2986 dictos
374 2933 472 2986 fratres
489 2936 584 2985 contra
595 2932 746 2986 haereticos
764 2932 792 2985 in
805 2933 994 2987 alemanniam
1014 2931 1142 2985 duximus
1156 2929 1292 2985 destinan-

61 3013 131 3077 dos;
148 3011 262 3079 ideoque
281 3010 451 3066 nobilitatem
471 3016 546 3066 tuam
566 3029 703 3080 rogamus,
717 3030 857 3067 monemus
868 3019 896 3068 et
915 3013 1058 3067 hortamur
1077 3015 1178 3064 attente
1195 3027 1227 3063 ac
1245 3027 1293 3077 per

61 3095 213 3163 apostolica
235 3095 336 3162 scripta
358 3095 527 3157 mandamus,
552 3094 581 3147 in
604 3095 788 3148 remissionem
813 3096 1000 3163 peccaminum
1029 3095 1079 3149 tibi
1108 3095 1290 3162 injungentes,

60 3180 199 3245 quatenus
224 3176 296 3244 ipsos
321 3192 371 3243 pru
393 3176 546 3230 reverentia
562 3175 661 3229 Divina
684 3181 711 3230 et
734 3178 897 3244 apostolicae
914 3177 985 3230 suris
1004 3195 1037 3229 ac
1064 3180 1155 3230 nostra
1175 3174 1293 3241 benigne

60 3259 183 3327 recipias
192 3264 219 3313 et
229 3259 341 3313 honeste
353 3263 508 3327 pertractes,
522 3258 602 3312 eisin
619 3258 662 3311 his
673 3266 700 3312 et
720 3259 782 3312 aliis
801 3259 956 3322 consilium,
969 3258 1103 3312 arixilium
1124 3263 1151 3311 at
1171 3259 1292 3310 favorem

60 3341 159 3394 taliter
171 3341 357 3407 impendendo,
370 3341 442 3408 quod
453 3339 506 3407 ipsi
518 3342 691 3393 commissum
709 3340 761 3393 sibi
774 3341 893 3394 officium
912 3339 1008 3407 exequi
1022 3341 1131 3393 valcant
1152 3338 1290 3401 inoffense,

58 3428 89 3479 et
104 3440 154 3476 nos
164 3422 329 3477 sinceritatis
343 3428 406 3475 tuae
417 3423 504 3475 zelum
517 3422 648 3489 possimus
665 3422 762 3475 merito
777 3422 975 3475 commendare.

97 3505 199 3557 Datum
217 3504 312 3566 Reate,
326 3504 365 3558 Ill
377 3520 462 3557 nonas
474 3503 628 3565 Februarii,
642 3503 815 3571 pontificatus
826 3504 910 3557 nostri
922 3522 994 3557 anuo
1006 3503 1111 3570 quintu.

328 3606 431 3673 Ripoll,
443 3606 503 3659 dccl
516 3606 538 3667 I,
552 3606 601 3659 blz.
617 3609 657 3668 31,
672 3618 700 3659 nr
716 3611 745 3660 51
763 3607 908 3671 (Pottlrast,
921 3607 979 3660 decl
996 3606 1016 3669 l,
1032 3608 1152 3669 1111760,
1167 3607 1293 3670 118859.)

360 3716 393 3726 -
405 3687 532 3741 Verrneld
550 3689 618 3741 door
630 3688 778 3756 Duvcrgcr·,
790 3689 840 3741 blz.
852 3692 909 3741 870.
922 3716 955 3726 -
973 3688 1018 3741 Dit
1030 3689 1093 3741 sluk
1112 3688 1217 3741 bevond
1234 3687 1293 3740 zich

360 3769 502 3837 insgelijlcs
520 3769 548 3822 in
572 3769 618 3823 het
640 3769 748 3823 archicf
765 3788 817 3823 ran
840 3771 886 3823 het
906 3770 1223 3836 pradikheerenklooster
1241 3786 1293 3822 van

361 3850 442 3912 Luilr,
463 3867 538 3903 wear
555 3850 589 3903 de
607 3850 750 3904 kanunnik
771 3851 884 3904 Vandcn
902 3850 990 3904 Bcrclr
1011 3851 1057 3905 lrct
1077 3851 1182 3905 1111633
1200 3849 1293 3918 genien

361 3932 485 3985 haeften
505 3931 583 3983 aldus
600 3933 748 3985 vermcldt:
773 3957 784 3977 n
799 3933 901 3987 Littera
922 3933 1047 4000 Gregorii
1069 3950 1170 4000 papae:
1194 3933 1292 3984 Datum

361 4012 455 4071 Reate,
468 4027 520 4063 uon
532 4011 607 4074 reb,
615 4013 787 4079 pontificatus
796 4013 916 4067 eiusdem
926 4032 997 4067 anuo
1005 4013 1145 4076 V,diracte
1155 4013 1293 4066 adducam

362 4095 509 4150 Brabantie
521 4096 555 4148 da
572 4097 762 4162 promovendis
779 4099 994 4165 predicatoribus
1006 4104 1101 4151 contra
1121 4097 1263 4151 hereticos.
1279 4121 1291 4141 n

362 4177 550 4244 (llandschrift
564 4178 676 4232 Vnndcn
690 4180 788 4244 Barch,
802 4183 983 4234 Monumenta
996 4186 1109 4249 patriae
1123 4181 1292 4242 hodiernis,

363 4263 409 4317 sol.
425 4263 492 4324 136.)

649 4378 716 4446 84.

106 4587 219 4662 1232,
237 4583 409 4652 recreata
419 4587 477 4662 22,
491 4587 668 4654 Ravenna.
683 4587 866 4674 Herhaling
879 4588 957 4655 door
970 4588 1080 4654 lraizer
1094 4586 1250 4654 Frederik
1263 4585 1293 4653 Il
