3194 5408
710 512 811 569 ANNO
829 515 904 569 1459

763 701 850 769 301.

239 890 342 967 1459,
369 889 555 975 Vamajn.
575 889 712 956 00rdeel
729 910 793 956 van
810 890 1080 979 Kamerijlmohen
1096 889 1203 958 delen
1226 888 1367 968 earlier,
1383 907 1424 973 op

189 996 329 1064 verzoek
344 1017 409 1062 van
427 996 490 1062 den
513 994 666 1083 bisschop
694 1017 759 1063 van
787 997 929 1063 Atrecht
953 997 1173 1084 uitgebracht,
1193 1017 1276 1064 over
1291 996 1332 1062 de
1348 1014 1423 1061 ver·

189 1099 306 1168 dachte
320 1100 498 1186 stellingen
514 1104 548 1166 te
560 1099 733 1187 Valencijn
750 1099 829 1165 door
842 1099 905 1166 den
918 1100 1092 1168 karmeliet
1113 1100 1242 1168 Hubert
1259 1097 1420 1165 Leonardi

190 1200 391 1288 gesprediki.
404 1241 445 1252 -
458 1201 547 1269 Vbdr
559 1203 621 1270 den
637 1203 788 1288 bisschop
801 1225 936 1290 wegens
950 1206 1033 1293 ziJne
1050 1225 1241 1272 sermoenen
1255 1201 1414 1291 gedaagd

190 1304 281 1371 heeft
296 1306 335 1371 de
348 1306 481 1373 monnik
499 1328 558 1373 een
577 1307 777 1395 schriftelijk
793 1308 967 1374 antwoord
985 1309 1156 1395 ingediend
1172 1306 1368 1395 aangaande
1379 1305 1416 1371 de

188 1412 324 1493 punten,
344 1410 395 1475 die
413 1409 487 1476 hem
505 1415 561 1476 ten
587 1411 673 1477 laste
689 1410 825 1476 werden
854 1410 985 1496 gelegd.
1004 1410 1130 1477 Carlier
1154 1409 1354 1478 onderzoekt
1375 1427 1412 1472 en

188 1514 348 1599 weerlegt
364 1515 430 1602 zijn
447 1515 619 1582 antwoord
646 1536 686 1602 op
713 1515 752 1580 de
775 1518 1007 1581 voornaamste
1039 1514 1109 1580 dier
1140 1517 1265 1600 punten
1298 1534 1336 1579 en
1367 1510 1408 1597 hij

187 1617 283 1684 raadt
300 1618 363 1685 den
379 1618 530 1706 bisschop
547 1641 609 1686 aan
627 1624 727 1705 tegen
743 1618 806 1684 den
822 1618 999 1684 karmeliet
1010 1621 1078 1683 met
1092 1615 1404 1702 vooraichtigheidte

188 1719 363 1798 handelen‚
384 1722 498 1807 genien
515 1723 577 1789 den
596 1722 784 1810 moeilijlren
801 1721 873 1809 tijd,
894 1721 1015 1787 aonder
1030 1740 1090 1787 een
1106 1720 1218 1786 nieuw
1233 1717 1397 1785 onderzoel

189 1823 269 1889 inte
286 1823 416 1890 stellen.

220 2004 333 2074 [Coma
351 2006 502 2076 quemdam
522 2009 696 2062 carnwlitam
714 2010 848 2064 sediciose
867 2006 1060 2079 predicantem
1076 2020 1161 2074 super
1177 2007 1295 2059 materia
1309 2003 1384 2070 consa·

187 2089 286 2157 aientis]
298 2091 332 2155 (1)
345 2090 383 2143 ad
395 2093 562 2144 instantiam
573 2091 682 2144 domini
695 2094 892 2146 Attrebatensis
904 2092 1034 2159 episcopi.

220 2170 379 2226 Reuerendo
395 2171 424 2224 in
437 2173 546 2227 Christo
565 2178 642 2240 pater
657 2179 685 2228 et
703 2174 812 2228 domine
824 2172 1019 2236 colendissime,
1033 2189 1095 2226 cum
1112 2171 1199 2224 tratre
1216 2167 1379 2223 Huuemta

187 2253 275 2318 nardi,
288 2253 392 2307 ordinis
405 2255 483 2307 beato
501 2255 590 2309 blarie
601 2256 634 2309 de
646 2256 779 2319 Carmeln,
794 2255 996 2323 procedendum
1008 2253 1116 2307 videtur
1132 2269 1195 2306 cuni
1207 2252 1276 2306 bono
1291 2248 1378 2303 mum·

186 2337 268 2400 mine,
290 2341 393 2391 attento
415 2338 487 2404 quod
512 2337 669 2392 informatio
691 2339 879 2407 preparatoria
899 2355 953 2391 non
976 2337 1092 2391 habetur
1112 2340 1140 2389 et
1160 2334 1300 2388 iuridicam
1317 2333 1379 2384 boen

186 2417 297 2472 difficile
317 2422 358 2471 est
379 2422 489 2485 propter
507 2419 637 2486 temporis
656 2420 857 2488 perplixitatem
878 2423 906 2473 et
923 2417 1083 2472 labilitatem
1102 2417 1223 2471 humane
1238 2413 1346 2470 memorie
1357 2425 1378 2463 tt

187 2503 297 2569 propter
316 2499 549 2555 circumstantiam
568 2518 681 2567 persone
697 2507 725 2555 et
741 2502 868 2570 gradum,
882 2506 991 2555 seruata
1011 2504 1101 2554 tamen
1121 2499 1151 2553 in
1169 2493 1379 2552 omnibusve-iub

188 2580 324 2636 catholica
335 2586 362 2636 et
379 2581 516 2635 essentiali
529 2581 685 2636 iberarchia
703 2600 720 2635 a
731 2583 840 2637 Christo
858 2582 983 2636 instituta
995 2580 1213 2636 ordinationibus
1224 2594 1319 2646 quoque
1327 2590 1379 2642 apos·

187 2663 286 2726 tolicis,
300 2680 385 2716 unum
405 2679 487 2730 super
507 2663 727 2730 responsionibus
744 2663 800 2717 suis
819 2663 966 2717 nouissime
982 2667 1088 2717 vestrae
1106 2663 1271 2717 reuerendae
1288 2651 1379 2728 paimei

186 2745 257 2800 datis
269 2746 308 2798 sic
320 2746 457 2813 agendum
471 2746 647 2808 consulimus,
660 2763 728 2812 quas
738 2745 839 2813 scripto
851 2745 926 2800 dedit
941 2745 1039 2807 eidem,
1052 2761 1101 2812 per
1117 2761 1193 2812 quas,
1208 2748 1238 2798 ut
1248 2742 1325 2812 prima
1332 2735 1381 2793 lacit

186 2831 307 2895 apparet,
327 2827 487 2895 magnificat
499 2827 658 2880 facultatem
671 2826 884 2881 mendicantium
897 2827 1046 2894 dyoceseno
1058 2831 1106 2880 aut
1121 2825 1178 2879 suis
1189 2826 1294 2891 vicarljs
1302 2835 1381 2892 prusti·

187 2912 306 2963 tetorum
319 2908 348 2962 in
360 2908 536 2962 confessionis
549 2908 693 2962 audiendis
704 2909 793 2975 quoad
804 2908 906 2976 aliqua,
919 2914 946 2963 et
963 2913 1034 2963 tacet
1050 2913 1098 2962 aut
1109 2906 1211 2962 minuit
1226 2904 1385 2962 auctarium

186 2992 357 3046 sacerdotum
370 3008 464 3044 curam
476 2989 633 3043 animarum
647 2990 823 3056 habentium3
836 2994 1004 3043 cumcontra
1020 2990 1069 3043 illa
1085 2988 1190 3044 scilicet
1204 2984 1387 3043 mendicantium

186 3075 293 3126 tantum
304 3073 341 3125 sit
360 3090 377 3125 a
398 3073 459 3125 sede
478 3071 627 3138 apostoliea
640 3087 768 3124 concessa
788 3076 815 3125 et
836 3074 925 3137 potest
936 3071 1069 3134 reuocari,
1082 3070 1135 3125 ista
1145 3069 1392 3125 sciticctcuraumu

185 3158 226 3208 ost
236 3171 253 3206 a
267 3153 375 3208 Christo
387 3154 523 3215 instituta,
536 3152 585 3206 illa
597 3170 630 3207 ex
642 3151 739 3206 ordine
751 3152 870 3215 facticio,
889 3151 942 3206 ista
958 3169 992 3206 en
1009 3152 1104 3206 ordine
1121 3158 1149 3207 et
1165 3151 1318 3207 iberarchie
1326 3164 1395 3205 esser

186 3234 265 3301 tiali;
286 3233 335 3287 illa
353 3235 433 3288 facile
450 3234 602 3296 mutabilis,
624 3233 676 3288 isia
693 3235 831 3302 usquead
852 3235 935 3288 finem
955 3234 1040 3287 seculi
1059 3235 1210 3300 duratum
1234 3238 1326 3288 eterna
1340 3230 1400 3286 enin

186 3317 333 3385 sapiencia,
347 3317 393 3385 qui
405 3317 520 3371 verbum
529 3322 557 3371 et
570 3318 641 3370 Deus
652 3321 701 3379 est,
715 3316 800 3370 dicit:
821 3338 833 3359 u
848 3317 907 3384 Ego
920 3317 992 3370 Deus
1003 3322 1030 3372 et
1040 3335 1096 3371 non
1112 3322 1221 3383 mutor3
1235 3341 1248 3363 n
1267 3316 1314 3370 itu
1323 3315 1404 3371 multis

187 3417 321 3454 annorum
340 3398 485 3452 curriculis
505 3404 566 3467 post
577 3400 690 3452 verbum
702 3398 876 3452 incarnatum
887 3403 913 3452 et
926 3415 1043 3465 passum,
1056 3399 1104 3454 ille
1115 3401 1150 3454 ab
1161 3399 1275 3454 exordio
1285 3399 1409 3454 nascentis

186 3481 299 3535 ecclesie
318 3481 442 3535 instituta
463 3485 512 3542 est,
532 3498 594 3534 cum
607 3479 739 3534 Dominus
756 3479 841 3548 elegit
862 3483 894 3534 12
906 3480 1041 3548 apostolos
1057 3486 1084 3535 et-
1099 3483 1132 3534 72
1151 3481 1310 3550 discipulos,
1322 3483 1413 3550 quibus

187 3562 291 3617 scilicet
303 3563 432 3630 apostolis
444 3563 595 3616 succedunt
606 3561 725 3631 episcopi
737 3566 765 3616 et
775 3561 920 3630 discipulis
930 3564 1082 3617 sacerdotes
1092 3563 1190 3618 curati.

221 3646 332 3700 Delatus
355 3646 442 3714 igitur
464 3647 551 3700 frater
573 3649 738 3700 memoratus
767 3664 859 3700 coram
892 3652 1066 3714 conspectum
1094 3645 1264 3700 reuerentiae
1286 3646 1421 3715 pausans

188 3732 293 3782 vestrae
305 3743 387 3794 super
398 3729 479 3782 certis
496 3728 728 3798 propositionibus
739 3729 807 3783 alias
826 3731 975 3799 predicatis
986 3731 1020 3784 de
1036 3746 1108 3784 anno
1119 3732 1152 3783 59
1166 3729 1196 3783 in
1207 3728 1279 3784 villa
1295 3729 1422 3787 Valenoe

188 3809 264 3864 nensi
277 3808 307 3863 in
318 3816 396 3877 parte
407 3812 546 3879 dyocoesis
559 3818 648 3868 restro
661 3814 737 3868 dedit
749 3813 778 3867 in
790 3815 900 3882 scriptis
911 3814 1096 3883 responsiones
1107 3813 1137 3867 in
1147 3814 1241 3868 torma
1250 3813 1394 3880 sequenti:

221 3891 323 3957 Prima,
345 3897 375 3947 ut
392 3893 442 3947 sibi
460 3894 622 3962 imponitur,
644 3896 776 3963 estquod
797 3896 920 3964 religiosi
939 3895 1123 3950 mendicantes
1133 3900 1198 3959 etc„
1217 3899 1253 3950 ut
1269 3895 1300 3949 in
1321 3897 1428 3967 scriptis

189 3973 262 4039 suis;
278 3976 420 4042 respondet
432 3977 503 4043 quod
515 3976 567 4031 ista
586 3981 641 4032 tres
653 3978 735 4031 habet
751 3983 849 4045 paries,
868 3978 958 4046 prima
975 3978 1078 4033 scilicet
1095 3977 1167 4045 quod
1183 3977 1316 4047 religiosi
1327 3982 1428 4036 meudi-

189 4061 281 4112 canies
292 4058 438 4126 presentati
460 4065 488 4114 et
510 4060 620 4114 adniissi
643 4065 706 4114 sunt
723 4063 826 4128 proprii
846 4062 998 4115 sacerdotes
1009 4062 1043 4115 ad
1059 4077 1168 4115 sensum
1184 4061 1223 4114 ad
1235 4078 1323 4129 quem
1334 4064 1431 4120 debent

189 4278 257 4333 ledit
267 4278 339 4335 titre.
356 4305 367 4325 n
383 4280 517 4335 Wellicht
536 4281 558 4332 is
578 4281 640 4333 deze
661 4281 727 4334 zaab
745 4281 912 4350 degenerari
927 4282 980 4336 den
996 4280 1140 4335 karmeliet
1157 4281 1274 4339 Hubert
1287 4285 1432 4342 Leonardi.

191 4362 250 4430 (Zie
261 4380 309 4416 ons
321 4363 438 4431 volgend
450 4365 530 4428 stuli).

222 4446 257 4577 (lg
283 4446 351 4579 lilerio
371 4446 500 4500 woorden
528 4450 604 4499 steen
625 4445 654 4499 in
682 4446 716 4499 de
736 4445 926 4511 inhoudstaiel,
950 4463 1027 4499 maar
1049 4443 1106 4498 niet
1126 4462 1182 4500 nan
1205 4446 1226 4503 ‘t
1250 4450 1341 4508 hoofd
1359 4454 1436 4508 deret

190 4540 238 4578 ver
258 4542 293 4578 an
312 4543 397 4594 cing.
