3194 5408
729 490 829 544 ANNO
849 493 923 543 1472
1218 505 1220 511 ’
1392 490 1440 541 439

195 624 236 684 in
255 628 318 687 tide
328 646 453 696 emoneo,
466 630 607 687 continens
617 630 733 687 heresim
748 628 927 694 manifestam,
940 632 1032 685 sancte
1041 628 1153 685 ecclesie
1162 627 1295 683 iniuriosa
1310 632 1337 684 61
1353 629 1435 683 offen-

200 714 285 778 sius,
299 715 459 770 6666161666
469 716 570 784 populo
580 731 613 768 ac
624 712 719 768 salutis
730 709 977 777 subuersiua....(1)

243 797 354 853 066116
371 799 516 853 secundam
533 795 717 858 assertionem,
731 810 783 861 que
799 799 856 847 ast:
879 792 981 852 06661
997 808 1067 845 nous
1084 808 1202 845 sommas
1221 799 1302 856 mort,
1322 799 1379 844 tout
1399 799 1436 844 est

206 889 300 946 mort,
312 881 457 936 dicendum
469 880 591 948 estquod
603 879 654 933 hec
664 876 776 932 assertio
789 880 829 930 est
839 875 1000 930 heretica...
1014 878 1049 941 (2)

245 963 404 1032 exquibus
415 965 490 1031 patet
501 962 573 1029 quod
590 961 681 1015 nullus
697 975 775 1013 error
785 957 962 1025 periculosior
978 961 1019 1012 est
1036 957 1087 1012 isto
1103 961 1152 1011 661
1171 955 1357 1024 perniciosior,
1370 955 1435 1022 quia

209 1047 248 1102 sd
258 1046 337 1101 hunc
347 1046 471 1114 sequitur
487 1042 575 1099 tocius
586 1041 649 1097 fidei
660 1040 793 1095 catholice
804 1038 952 1094 eneruatio.
966 1039 1090 1093 Secundo
1101 1043 1213 1107 apparet
1229 1038 1436 1094 auctoritatibus

213 1131 241 1182 st
250 1125 407 1183 rationibus
417 1124 556 1181 offensiuis
568 1130 596 1180 et
612 1125 646 1178 ed
664 1121 828 1190 impossibile
838 1122 1000 1175 ducentibus
1016 1121 1120 1176 falsitas
1136 1120 1213 1175 istius
1223 1121 1334 1186 heresis,
1352 1137 1434 1188 quam

215 1207 303 1263 eciam
314 1206 433 1263 maiores
444 1205 597 1274 philosophi
609 1197 952 1275 pagani'improbauarunt.

478 1319 624 1386 Camerina,
637 1322 697 1377 1661
707 1320 743 1385 11,
756 1318 953 1387 verhandeling
963 1322 1003 1374 22.

770 1517 870 1600 860,

263 1707 354 1776 Voor
368 1704 559 1773 November
573 1706 641 1773 147
643 1706 676 1781 2,
693 1708 729 1772 in
745 1706 909 1774 ’11161666
922 1704 963 1772 K
958 1707 1130 1793 amerijk?
1141 1704 1276 1772 0661661
1289 1726 1352 1771 666
1369 1705 1431 1772 166

200 1807 487 1898 Kamerijhschen
507 1808 613 1876 deken
630 1809 754 1876 Garlier
778 1831 856 1876 6666
880 1811 937 1877 het
960 1810 1055 1896 geval
1078 1829 1142 1874 van
1166 1829 1269 1875 eenen
1292 1807 1432 1875 zekeren

191 1911 368 1980 Eottinus
384 1913 423 1978 de
439 1912 603 1997 Marques,
624 1912 674 1978 die
697 1914 784 2001 zijne
806 1914 865 1980 ziel
882 1934 944 1980 666
969 1913 1033 1978 166
1056 1910 1162 1980 161661
1178 1911 1337 1979 verkocht
1352 1912 1430 1979 had.

242 2066 350 2121 Contra
361 2066 509 2120 Reatinum
522 2066 557 2120 de
566 2068 699 2137 Marques
715 2076 878 2138 apostatam.

240 2149 279 2203 Et
295 2148 510 2203 confessionibus
532 2149 637 2204 Hottini
655 2151 689 2204 de
705 2150 834 2218 Marones
851 2150 881 2204 in
896 2149 1009 2204 diversis
1026 2148 1149 2204 articulis
1166 2148 1222 2216 ipse
1234 2147 1382 2202 censendus
1392 2149 1433 2201 est

184 2234 344 2299 apostata,
356 2231 514 2299 sacrilegus,
531 2231 707 2297 scismaticus,
727 2234 859 2301 ydolatra,
877 2234 993 2287 mendax
1010 2232 1151 2287 mendacio
1168 2231 1319 2299 pernicioso
1335 2247 1430 2299 proue-

183 2313 303 2368 1116616
325 2330 359 2367 ex
379 2311 539 2368 infidelitate
556 2319 584 2369 61
605 2318 715 2382 pactum
735 2315 837 2370 habens
858 2332 1013 2383 expressum
1036 2332 1098 2368 cum
1115 2313 1287 2379 demonibus3
1308 2316 1382 2380 patet
1398 2330 1432 2366 ex

184 2396 395 2465 sequentibus.
409 2397 504 2452 Primo
516 2397 587 2453 idem
605 2398 733 2453 Hottinus
750 2416 784 2453 ex
795 2398 960 2452 confessione
971 2416 1020 2452 sua
1031 2397 1059 2451 in
1072 2397 1159 2465 primo
1170 2395 1286 2451 articulo
1297 2394 1432 2462 descripta

188 2479 361 2534 censendus
372 2481 412 2533 est
423 2482 544 2547 apostata
553 2478 655 2546 triphci
667 2496 767 2549 genere
784 2479 926 2548 apostasie,
940 2479 1045 2533 scilicet
1054 2478 1189 2547 apostasia
1205 2477 1326 2547 perfidie,
1338 2477 1430 2531 inobe-

190 2561 311 2618 dientia
321 2565 349 2616 et
355 2561 498 2631 religionis
506 2561 653 2617 christiane
661 2564 810 2633 sacrilegus
820 2566 848 2618 et
858 2561 1034 2617 scismaticus.
1045 2603 1066 2617 ..
1078 2563 1137 2627 ,(3).

474 2676 620 2742 Cerlerius,
633 2678 693 2732 deel
703 2677 738 2743 H,
748 2677 945 2746 verhandeling
956 2681 996 2732 23.

783 2879 867 2947 361.

215 3073 219 3081 '
260 3071 349 3138 Voor
373 3066 566 3136 November·
585 3069 688 3145 1472,
708 3067 901 3158 Kamerijk.
928 3069 1109 3137 Antwoord
1133 3089 1197 3134 666
1224 3068 1287 3134 166
1311 3070 1430 3134 Kame-

210 3172 381 3261 rijhschen
397 3171 502 3237 deken
527 3171 651 3237 Carlier
671 3192 734 3237 666
758 3173 821 3240 166
845 3174 1050 3258 inquisiteur,
1070 3173 1120 3237 die
1135 3173 1210 3238 hem
1233 3192 1311 3236 over
1326 3191 1429 3238 senen

210 3277 373 3342 iasteraar
389 3275 448 3343 der
472 3275 512 3340 H.
534 3275 651 3359 Maagd
677 3276 915 3363 geraadpieegd
938 3277 1000 3342 had
1026 3296 1066 3342 en
1089 3276 1161 3342 zich
1185 3273 1319 3359 afvroeg
1342 3273 1430 3340 6116

210 3379 366 3466 plichtige
382 3375 463 3443 1όὸ6
479 3377 542 3443 den
566 3375 716 3463 bisschop
734 3381 838 3446 611666
857 3379 967 3444 61661
986 3375 1195 3457 1666666116
1217 3379 1279 3443 den
1297 3378 1428 3463 inquisi-

209 3487 285 3549 teur
309 3490 411 3547 moest
423 3479 571 3565 gedaagd
587 3481 732 3547 worden.
749 3519 789 3529 -
807 3484 852 3548 De
865 3483 1025 3548 lasteraar
1037 3481 1125 3547 heeft
1137 3501 1239 3566 geone
1252 3481 1426 3568 eigenlijke

208 3584 341 3671 ketterij
367 3582 580 3668 verhondigd
607 3603 697 3648 mear
725 3605 776 3650 om
800 3583 1425 3673 61166166161666666611661661111]

178 3676 182 3680 i
206 3708 286 3756 zeer
307 3686 466 3753 aerdacht
488 3705 580 3751 6666.
600 3687 738 3752 11666616
761 3699 846 3753 moet
862 3688 902 3753 de
927 3686 1077 3774 bisschop
1105 3689 1179 3754 hem
1206 3694 1294 3754 eerst
1320 3688 1427 3754 611666

206 3789 451 3868 onderzoeken3
466 3787 563 3876 blijkt
580 3789 639 3855 het
660 3789 854 3856 166666161
870 3790 915 3878 hij
935 3811 996 3857 een
1010 3790 1120 3857 161166
1136 3792 1176 3869 is,
1193 3792 1258 3858 dan
1278 3800 1364 3857 moet
1387 3792 1426 3858 de

204 3894 360 3977 bisschop
376 3892 491 3958 66166·
505 3891 697 3977 inquisiteur
712 3890 892 3979 bijroepen,
911 3915 961 3959 om
978 3899 1011 3960 te
1035 3914 1148 3959 remen
1164 3892 1201 3959 61
1213 3894 1426 3982 aszonderlijk

202 4003 268 4067 het
280 3996 510 4082 kettergeding
523 4000 556 4060 te
568 3995 674 4060 161166
687 4015 728 4059 66
741 4015 792 4060 om
805 4002 838 4063 te
850 4018 964 4063 namen
976 3996 1157 4063 hetvonnis
1168 3999 1213 4064 uit
1223 4001 1257 4063 16
1268 3997 1424 4084 eprehen.

934 4136 1416 4170 ..--..-.,.-.1-.--..

238 4249 276 4312 (l)
295 4244 362 4299 Hier
372 4246 448 4314 volgt
458 4263 524 4301 eene
535 4246 615 4300 reehs
627 4244 728 4298 citaten
738 4244 778 4297 als
788 4244 890 4309 bewijs.

238 4332 276 4395 (2)
294 4330 385 4384 Zelfde
396 4328 558 4397 opmerhing
569 4329 608 4381 als
620 4328 715 4381 boren.

238 4415 275 4477 (3)
288 4413 394 4479 Daarop
406 4412 482 4480 volgt
493 4411 540 4465 het
550 4412 644 4477 bewijs
656 4410 814 4477 nangaande
825 4410 921 4463 1666611
935 4414 1037 4477 punten
1048 4427 1100 4464 van
1112 4407 1361 4477 vemtandhouding
1370 4410 1426 4462 met

195 4499 259 4553 den
268 4495 370 4557 (161661,
383 4494 490 4548 diaden
501 4497 621 4561 apostant
633 4496 678 4547 ten
688 4493 755 4546 laste
762 4493 871 4546 worden
880 4493 986 4562 galegd.
