3194 5408
808 452 909 507 ANNO
929 454 1008 506 1510

863 659 963 726 408.

347 850 452 931 1510,
475 850 621 916 Uireclti.
640 851 685 916 De
702 846 897 935 predikheer
914 848 1054 915 Wouten
1070 848 1201 934 predikt
1217 848 1442 935 vrijmoedige
1471 870 1537 916 ser·

299 972 436 1020 moenen
452 957 550 1038 tegen
565 952 605 1018 de
620 951 820 1018 misbruiken
839 951 898 1017 der
914 951 1018 1028 Kerk,
1039 950 1147 1016 werdt
1167 954 1219 1015 ter
1236 951 1535 1037 venautwoording

299 1050 378 1120 vddr
401 1053 558 1120 Frederik
581 1075 645 1121 van
673 1054 796 1132 Baden,
827 1051 978 1138 bisschop
1004 1070 1067 1117 van
1092 1053 1245 1131 Utnecht‚
1271 1053 1442 1140 gedaagd‚
1463 1053 1537 1120 her·

299 1160 393 1243 roept
409 1157 494 1243 zijne
509 1156 674 1242 gezegden
691 1176 732 1222 en
751 1154 829 1222 stelt
853 1155 1014 1222 daardoor
1031 1154 1118 1241 ziJne
1134 1155 1335 1240 aanklagers
1357 1156 1533 1223 tevreden.

334 1343 406 1399 Prae
416 1344 542 1398 omnibus
554 1360 618 1398 vero
629 1343 691 1398 aliis
699 1343 910 1398 commemorari
921 1343 1001 1398 debet
1013 1341 1159 1396 Gualterus
1169 1342 1376 1409 dominicanus,
1389 1350 1473 1411 cujus
1481 1351 1538 1412 jam

301 1431 381 1480 antea
398 1426 470 1480 facta
487 1427 539 1480 fuit
558 1426 669 1480 mentio.
690 1427 724 1490 ls,
749 1432 779 1479 ut
802 1443 835 1479 ex
858 1429 971 1491 antiqua
991 1424 1123 1479 memoria
1140 1424 1208 1478 alias
1228 1427 1361 1493 probabo,
1390 1426 1538 1495 Ultrajecti

301 1514 365 1563 ante
383 1510 472 1577 ipsum
493 1509 643 1564 Lutheium
659 1515 718 1577 jam
739 1524 811 1562 anno
833 1508 939 1561 decimo
956 1508 1041 1562 seculi
1063 1506 1162 1561 decimi
1180 1507 1279 1574 quinti,
1300 1508 1355 1563 hoc
1374 1519 1420 1564 est
1437 1520 1539 1581 septem

301 1591 380 1646 annis
391 1596 454 1645 ante
466 1590 747 1654 Lutherum,liberius
759 1607 855 1643 verum
867 1606 978 1643 monere
990 1587 1110 1642 instituit
1119 1594 1201 1656 atque
1213 1591 1316 1644 abusus
1326 1592 1425 1646 varios
1434 1600 1539 1662 notare,

301 1676 375 1732 unde
386 1684 527 1731 accusatus
538 1676 611 1742 apud
624 1676 800 1730 fredericum
813 1673 975 1738 Badensem,
993 1689 1063 1740 quae
1080 1672 1155 1725 illius
1172 1671 1322 1727 infirmitas
1339 1683 1416 1738 enat,
1431 1691 1540 1730 revoca-

302 1760 378 1813 tione
389 1759 503 1824 aliquali
515 1756 647 1813 satisfecit
659 1755 882 1822 adversariosque
893 1772 957 1809 suos
968 1755 1078 1823 placare
1089 1755 1163 1808 visus
1175 1761 1223 1809 est.

563 1873 601 1927 M.
616 1873 783 1926 Schoockius
796 1869 1011 1939 ultrajectensis,
1027 1869 1111 1923 Liber
1123 1871 1157 1922 de
1173 1870 1253 1923 benis
1269 1870 1358 1939 culpo
1371 1870 1539 1925 ecclesiasti-
1581 1915 1583 1921 ,

594 1959 634 2009 cia
645 1955 736 2018 dictis,
750 1955 801 2010 blz.
811 1955 870 2007 752.
884 1982 917 1992 -
930 1953 976 2007 Zie
988 1953 1042 2007 ook
1051 1953 1085 2006 de
1098 1954 1176 2021 Hoep
1186 1952 1319 2018 Scholion,
1333 1953 1540 2009 Geschiedenis

596 2037 646 2090 der
662 2034 922 2103 Kerkhervorminp
941 2038 972 2086 in
990 2034 1157 2088 Nederiand
1174 2052 1230 2090 ean
1252 2034 1331 2088 haar
1348 2045 1489 2090 onistann
1505 2044 1540 2089 tet

597 2120 670 2183 1531,
678 2118 728 2172 blz.
743 2119 775 2171 62
786 2135 820 2172 en
828 2117 922 2182 eade
933 2122 993 2183 zegt
1004 2117 1052 2169 dat
1064 2115 1134 2169 noch
1143 2117 1177 2170 de
1185 2123 1245 2171 acte
1256 2135 1312 2172 van
1322 2118 1540 2188 beschuldiging

595 2200 667 2254 noch
679 2201 712 2252 de
725 2196 891 2265 herroeping
902 2197 974 2250 noch
987 2197 1067 2265 eenig
1078 2197 1164 2251 ander
1174 2214 1255 2265 spoor
1270 2200 1323 2256 der
1340 2202 1540 2257 rechtahande

597 2282 656 2349 ling
668 2286 748 2348 tegen
762 2280 815 2333 den
833 2277 997 2346 predikheer
1007 2278 1127 2334 Wouter
1138 2279 1167 2333 in
1184 2281 1218 2334 de
1230 2278 1424 2338 Utrechtsche
1436 2285 1539 2338 auchie·

596 2381 649 2418 ven
661 2368 688 2417 te
699 2362 799 2416 vindan
812 2362 843 2425 is,
862 2378 938 2415 maer
952 2378 982 2416 er
991 2362 1027 2428 bij
1033 2368 1111 2430 veegt
1121 2362 1170 2416 dat
1179 2363 1304 2418 wellicht
1313 2366 1348 2420 de
1362 2366 1540 2435 belangrijke

597 2444 769 2507 bescheiden,
787 2443 832 2497 die
851 2442 989 2496 Martinus
1009 2442 1177 2496 Schoockius
1196 2445 1233 2510 bij
1254 2449 1312 2512 zijn
1335 2448 1495 2515 overlljden
1514 2456 1540 2501 te

597 2525 746 2581 Frenkfort
766 2541 819 2578 aen
840 2525 892 2579 den
914 2525 987 2580 Oden
1003 2525 1033 2578 in
1057 2527 1121 2579 1669
1141 2525 1234 2590 naliet,
1253 2545 1319 2582 eane
1336 2546 1396 2584 aan
1414 2530 1471 2585 den
1487 2531 1540 2597 dag

595 2609 684 2662 zullen
696 2607 796 2661 homan
808 2615 864 2661 met
880 2609 914 2660 de
925 2608 1065 2670 memorie,
1079 2623 1188 2673 waarep
1199 2606 1239 2674 hij
1251 2609 1313 2663 aich
1332 2610 1401 2666 hier
1412 2613 1536 2679 beroept.

595 2719 628 2730 -
645 2690 766 2743 Broeder
782 2688 903 2744 Wouten
927 2689 1053 2756 predilste
1078 2690 1148 2743 later
1165 2687 1249 2756 (1520)
1269 2691 1301 2745 in
1327 2693 1386 2747 den
1414 2696 1459 2749 ain
1488 2713 1538 2749 van

596 2772 701 2827 Luther
712 2790 747 2826 en
758 2772 812 2825 had
824 2773 937 2825 vendere
948 2771 1123 2840 lotgevallen‚
1134 2771 1178 2826 die
1190 2773 1218 2825 in
1229 2772 1277 2827 het
1289 2777 1401 2831 twaede
1414 2779 1476 2833 deel
1487 2796 1538 2831 van

594 2873 644 2910 ons
668 2854 772 2922 Corpus
794 2852 1021 2906 documentorum
1044 2853 1241 2923 inquisitionis
1260 2856 1355 2910 aullen
1383 2860 1537 2925 besproken

594 2937 776 3005 worden.(Zie
787 2937 920 2990 daarover
932 2936 1110 3000 Schooekius‚
1123 2937 1201 3001 ibid..
1211 2954 1245 2992 en
1256 2938 1292 2991 de
1304 2937 1391 3008 Heop
1406 2941 1537 3006 schefer,

596 3021 647 3075 blz-
660 3023 693 3075 83
705 3037 739 3074 en
750 3019 835 3086 volg.)

863 3231 962 3299 409.

346 3421 477 3513 (1510),
497 3423 638 3490 Keulen.
657 3421 909 3507 Aanteekening
932 3440 1011 3487 over
1031 3420 1094 3486 den
1116 3417 1315 3505 predikheer
1340 3422 1452 3491 Jacob
1476 3445 1539 3492 van

300 3524 534 3610 Hoogstraten,
561 3522 755 3608 inquisiteur
774 3542 853 3588 over
876 3522 916 3588 de
933 3519 1223 3589 aartsbisdommen
1247 3519 1402 3607 Keulen‚
1432 3525 1537 3593 Mainz

301 3647 342 3693 en
358 3627 463 3694 Trier.

333 3795 363 3848 F.
376 3796 537 3850 lacobusde
549 3796 715 3865 lloogstratt‚
735 3795 829 3864 Belga,
843 3793 881 3848 sic
899 3795 933 3848 ab
951 3793 1066 3863 originis
1087 3812 1152 3848 snae
1172 3794 1233 3848 loco
1254 3793 1437 3865 Hogoetmto
1458 3801 1539 3868 vulgo

300 3877 484 3945 Hooqstraien
496 3878 654 3945 Campiniae
665 3877 849 3931 Brabantinae
861 3877 1010 3944 municipio
1024 3877 1168 3931 comitatus
1184 3876 1266 3931 titulo
1279 3893 1298 3929 a
1311 3878 1450 3945 pluribus
1461 3881 1539 3934 annis

298 3960 430 4029 insignite
438 3962 654 4030 cognominatus,
665 3960 779 4014 Lovanii
785 3960 895 4029 Juvenis
904 3960 1008 4014 artibus
1019 3960 1124 4014 studuit
1135 3964 1162 4014 et
1174 3961 1202 4012 in
1215 3976 1247 4012 ea
1259 3960 1405 4017 facultate
1418 3965 1539 4018 laniem

298 4061 371 4098 anno
381 4044 633 4098 Mcccctxxxv
642 4043 799 4111 reportavit.
812 4043 916 4096 Exinde
926 4043 1054 4097 Coloniae
1065 4043 1219 4098 institutum
1233 4048 1367 4099 nostmm
1383 4047 1417 4115 [i.
1431 4065 1457 4102 e.
1470 4048 1539 4102 enli-

299 4144 362 4182 nem
374 4126 602 4195 praedicatorum]
615 4128 783 4194 amplexatus
800 4142 893 4178 sacrae
908 4125 1062 4194 theologiae
1075 4125 1262 4193 magisterium
1282 4125 1396 4183 ibidem
1410 4131 1538 4189 obtinuit.

299 4210 382 4264 studii
401 4210 485 4264 nostri
502 4208 637 4278 generalis
650 4207 817 4262 coloniensis
829 4207 976 4273 primarius
993 4224 1090 4276 regens
1108 4207 1190 4261 etiam
1208 4206 1358 4264 institutus
1382 4231 1401 4267 a
1419 4215 1539 4284 capitula

299 4293 422 4362 generali
435 4293 535 4360 Papiae
547 4309 619 4345 anno
631 4290 736 4344 MDVII
749 4290 893 4353 celebrate,
907 4294 964 4343 tum
983 4294 1010 4344 et
1027 4291 1103 4357 prior
1119 4289 1239 4356 ejusdem
1252 4299 1418 4349 conventus
1429 4298 1538 4358 electus,

299 4394 332 4431 ac
351 4379 460 4431 tandem
477 4375 639 4431 auctoritate
656 4373 805 4441 apostolica
824 4389 873 4439 per
893 4373 1046 4440 provincias
1068 4373 1264 4436 coloniensem,
1287 4375 1495 4445 Mogontinam
1515 4384 1540 4432 et

299 4459 491 4516 Trevercnsem
512 4457 647 4527 generalia
668 4456 730 4510 fidei
751 4460 892 4509 censeret
915 4455 1052 4521 quaesitor
1071 4455 1231 4521 praefectus.
1256 4455 1312 4510 Vir
1333 4459 1496 4530 intrepidus
1516 4475 1542 4514 et
