3194 5408
618 509 717 563 nuno
737 511 810 562 1357

646 704 774 784 207b¹⁸0

149 904 253 985 1357,
272 901 446 971 Februarr'
461 904 521 982 25,
541 905 682 971 nanee.
696 904 953 993 Verocrdeeling
967 906 1027 973 der
1041 906 1229 973 hettersche
1241 909 1324 995 Beg-

92 1007 226 1094 garden
250 1026 292 1073 en
315 1008 448 1074 Zusters
463 1006 543 1074 door
566 1007 702 1074 Willern
727 1027 791 1074 van
814 1009 961 1096 Gennep,
991 1007 1231 1096 aartshisschop
1258 1031 1324 1078 van

92 1110 241 1193 Kenlen,
258 1109 385 1196 gericht
401 1113 450 1176 tot
467 1109 507 1176 de
525 1109 775 1197 geestelijkheid
798 1131 864 1178 van
886 1113 952 1199 rijn
975 1111 1202 1180 aartshisdom.
1221 1151 1262 1162 —
1279 1115 1324 1180 De

93 1211 341 1299 aartsbisschop
373 1210 584 1299 bekrachtigt
611 1212 651 1280 de
678 1213 968 1302 verocrdeelingen
1000 1214 1069 1281 dier
1101 1214 1227 1283 letters
1257 1222 1324 1284 met

94 1317 434 1401 hunneaanhangers
450 1316 531 1384 door
543 1316 629 1402 zijne
639 1319 816 1383 voorzaten
833 1318 982 1385 Hendrilr
1000 1319 1015 1384 l
1034 1338 1098 1384 van
1111 1318 1324 1407 Virnenburg

95 1440 144 1487 en
162 1418 311 1488 Walram
335 1417 593 1506 uitgevaardigd,
620 1419 671 1485 die
693 1423 794 1505 tegen
817 1421 882 1487 hen
905 1422 978 1488 veel
1001 1440 1174 1507 processen
1197 1422 1324 1490 hebben

94 1524 326 1611 ingeepannen
342 1543 383 1589 en
400 1542 440 1610 op
458 1521 544 1589 strat
556 1542 620 1589 van
637 1522 700 1589 den
717 1522 923 1613 kerhelijken
935 1523 998 1592 ban
1011 1525 1074 1591 elle
1087 1525 1324 1612 gemaenschap

94 1631 170 1694 met
184 1626 250 1692 hen
264 1625 393 1695 hebben
417 1625 594 1692 verboden.
613 1625 772 1713 Opnieurv
787 1625 879 1693 heeft
895 1627 1080 1694 voormelde
1104 1626 1235 1715 ketterij
1252 1628 1323 1695 zich

96 1729 135 1797 in
153 1728 212 1796 het
233 1729 406 1818 geestelijk
432 1728 547 1815 gebied
573 1749 638 1796 van
662 1729 725 1796 den
749 1728 992 1817 aartsbisechop
1008 1729 1170 1796 verbreid.
1186 1733 1324 1798 Daerom

96 1837 231 1900 moeten
257 1831 298 1898 de
325 1833 628 1918 parochiepastoors
652 1852 693 1899 en
715 1832 779 1898 alle
796 1832 917 1900 andere
933 1832 1159 1921 geestelijken,
1184 1854 1224 1919 op
1241 1832 1329 1901 strat

96 1955 168 2003 van
183 1936 245 2002 den
261 1934 465 2022 herkelijlren
482 1935 556 2015 han,
573 1935 612 2002 de
626 1934 872 2022 vereordeeling
895 1935 954 2002 der
977 1935 1169 2023 Beggarden
1187 1957 1227 2002 en
1244 1939 1324 2003 Zus·

94 2041 172 2106 tere
186 2037 329 2105 alsmede
344 2038 475 2105 hunner
498 2038 707 2125 aanhcngers
731 2058 771 2105 en
795 2037 1028 2126 begunstigers
1051 2038 1215 2125 openbaar
1234 2040 1324 2106 laten

95 2139 795 2229 0110111101011110181000110110
823 2143 992 2230 nalatigen
1019 2142 1127 2209 zallen
1155 2141 1234 2209 door
1261 2141 1323 2208 den

95 2242 346 2330 aartsbisschep
361 2245 473 2312 zelven
490 2243 631 2330 gestraft
646 2243 792 2312 worden.

137 2431 239 2486 Contra
253 2430 417 2499 Bepyardos
429 2438 455 2483 et
466 2431 638 2484 directricem
650 2438 674 2484 ct
686 2446 781 2485 comem
792 2437 985 2500 receptatores.

133 2543 312 2608 wilhelmus,
330 2545 381 2601 Dei
397 2545 489 2614 gratia
506 2549 614 2600 sanctae
632 2545 800 2600 Coloniensis
811 2546 941 2601 ecclesiae
952 2546 1178 2617 archiepiscopus,
1192 2550 1263 2604 sacri
1274 2550 1323 2603 irn-

95 2627 174 2699 perii
196 2644 244 2696 per
266 2627 374 2683 ltaliam
396 2626 664 2692 archicancellarius,
686 2627 820 2683 universis
840 2629 968 2697 praelatis
988 2630 1154 2698 caeterisque
1171 2631 1278 2685 clericis
1296 2635 1324 2684 et

95 2710 224 2781 personis
234 2709 932 2778 ecclesiasticissaluteminhominosempiternum.
1286 2780 1288 2784 ,

133 2793 178 2848 nd
187 2791 381 2847 eliminandam
393 2793 547 2861 pestiferam
559 2792 702 2846 hominurn
715 2793 895 2859 quorundam,
908 2793 955 2862 qui
967 2795 1105 2864 Beggardi
1117 2800 1143 2850 01
1155 2794 1323 2850 Sucstriones

95 2875 284 2945 appellantur,
305 2879 405 2930 sectam
426 2879 536 2943 propter
558 2875 642 2929 vitam
663 2880 691 2928 et
708 2876 940 2931 conversationem
956 2878 1103 2932 eorundem
1125 2884 1275 2946 suspectam
1292 2895 1324 2932 ac

96 2963 213 3028 propter
223 2957 313 3012 varios
325 2954 543 3024 christianaeque
555 2958 617 3011 tidei
630 2958 782 3012 contrarios
795 2976 861 3026 quos
872 2957 893 3012 ii
905 2959 1027 3013 homines
1036 2961 1198 3027 profitentur
1208 2976 1322 3019 errores.

96 3039 168 3097 olim
176 3042 263 3097 bonae
273 3041 421 3098 memoriae
432 3048 521 3111 patres
534 3042 668 3097 Henricus
685 3048 712 3098 et
722 3043 882 3098 Walramus
893 3044 1110 3111 praedecessores
1127 3043 1213 3098 nostri
1230 3047 1324 3098 contre

96 3123 225 3180 homines
236 3125 424 3194 praescriptos,
436 3143 471 3181 ne
482 3125 673 3180 communione
683 3143 731 3179 sua
741 3125 897 3193 contagiosa
909 3131 1076 3180 caeterorum
1090 3124 1191 3180 Christi
1203 3126 1324 3180 fidelium

96 3223 215 3276 gregem
227 3211 356 3274 tanquam
367 3224 430 3262 oves
448 3207 587 3262 morbidae
607 3208 824 3274 coinquinarent,
837 3209 866 3261 in
879 3208 1003 3275 pluribus
1015 3208 1189 3276 synodalibus
1201 3208 1324 3263 conciliis

97 3288 268 3344 authoritate
279 3290 426 3345 eorundem
443 3290 679 3357 praedecessorum
692 3295 846 3346 nostrorum
858 3291 1000 3346 celebretis
1018 3290 1109 3345 varios
1126 3292 1250 3346 fecerunt
1261 3309 1322 3360 pre-

97 3387 192 3426 ceesus
202 3390 210 3437 3
222 3370 251 3425 in
263 3372 361 3439 quibus
372 3372 445 3427 inter
456 3378 563 3427 caetera
574 3373 697 3428 homines
709 3373 861 3440 praedictos
874 3378 901 3429 et
912 3373 951 3428 eis
960 3372 1189 3427 communicantes
1200 3373 1325 3442 ipsosque

97 3451 276 3520 hospitantes,
285 3454 379 3509 domes
390 3458 418 3510 et
428 3455 546 3523 hospitia
557 3455 596 3509 eis
611 3456 753 3509 eutationi
772 3474 819 3510 seu
838 3455 975 3522 aliquibus
995 3473 1028 3508 ex
1040 3455 1079 3508 eis
1090 3456 1218 3518 locantes,
1230 3473 1323 3511 conce·

97 3536 195 3591 dentes
216 3535 320 3602 aliquid
342 3535 384 3589 vel
403 3535 498 3589 dantes
518 3553 564 3589 seu
587 3535 679 3602 aliquo
701 3535 879 3590 humanitatis
898 3536 994 3590 solatio
1010 3535 1197 3589 subvenientes
1213 3536 1322 3601 eisdem,

97 3616 297 3673 monitionibus
309 3616 439 3687 legitimis
449 3616 609 3684 praemissis,
623 3619 927 3674 excommunicaverunt
938 3617 1236 3683 excommunicatosque
1249 3634 1323 3670 man·

96 3702 237 3757 darerunt
253 3699 360 3768 publice
372 3700 507 3762 11101111,
528 3699 649 3768 aliosque
660 3700 823 3768 multiplices
835 3701 1072 3768 formidabilcsque
1084 3716 1224 3767 processus
1242 3700 1323 3754 duxe-

98 3787 170 3840 runt
179 3782 347 3846 emittendos,
360 3787 444 3851 prout
454 3783 483 3837 in
494 3783 591 3838 1111011ς
603 3787 630 3837 01
638 3783 806 3851 processibus
818 3784 964 3838 001111οῐ1
974 3783 1208 3851 praedecessorum
1222 3787 1324 3838 nostro·

106 3884 171 3923 rum
181 3883 262 3933 super
275 3865 317 3919 his
329 3865 458 3920 confectis
470 3870 496 3920 et
505 3867 533 3919 in
546 3866 682 3933 publicam
695 3865 818 3922 notitiam
830 3866 952 3920 deductis
962 3865 1067 3933 plenius
1075 3865 1238 3920 continetur.

135 3949 238 4004 Verum
250 3948 324 4017 quia,
337 3952 419 4017 prout
430 3948 465 4002 ad
477 3952 596 4002 nostram
615 3948 721 4003 noviter
739 3967 792 4003 non
804 3950 904 4014 absque
922 3947 1094 4015 displicentia
1111 3949 1189 4016 gravi
1208 3951 1325 4005 relatum

98 4037 144 4089 ast
159 4030 335 4094 audientiam,
360 4028 516 4099 hujusmodi
536 4029 682 4083 hominum
706 4029 857 4097 perniciosa
881 4028 970 4082 denuo
990 4028 1093 4097 incepit
1109 4030 1175 4084 adeo
1192 4030 1326 4086 innostra

97 4114 212 4170 civitate
224 4119 252 4169 01
262 4111 379 4169 dioecesi
392 4111 558 4166 invalescere
575 4112 729 4175 multitudo,
743 4128 821 4178 quae,
842 4111 892 4164 nisi
914 4111 1003 4164 denuo
1021 4111 1059 4165 eis
1081 4130 1130 4179 per
1146 4115 1326 4180 competentia

97 4195 240 4252 contraria
261 4194 414 4258 resistatur,
439 4194 585 4249 verendum
608 4201 648 4249 est
669 4193 741 4260 quod
769 4193 888 4247 finaliter
916 4210 965 4244 sua
993 4194 1154 4261 contagione
1176 4197 1327 4249 execranda

96 4281 190 4334 totum
200 4275 400 4331 commaculent
410 4274 498 4343 ipsum
508 4292 620 4343 gregem
629 4274 737 4341 aliaque
748 4276 840 4342 pejora
849 4272 985 4340 prioribus
994 4273 1114 4340 pericula
1124 4277 1325 4344 subintrabunt

97 4358 179 4414 vobis
191 4357 279 4427 igitur
289 4357 466 4413 ecclesiarum
481 4356 679 4425 parochialium
700 4355 852 4411 rectoribus
870 4361 896 4410 01
913 4357 985 4411 vices
1003 4361 1107 4410 nostres
1124 4360 1281 4425 gerentibus
1299 4360 1328 4414 in

94 4442 202 4497 virtute
215 4445 325 4496 sanctae
336 4440 507 4495 obedientiae
519 4438 996 4508 010111010011111110111011000010
1006 4437 1126 4493 districtc
1136 4441 1326 4509 praecipiendo

95 4522 245 4580 statuimus
256 4528 283 4578 et
299 4523 458 4578 mandamus
477 4528 609 4588 quatenus
633 4526 727 4576 contra
753 4537 846 4575 ornnes
868 4527 896 4575 et
917 4520 1039 4588 singulos
1062 4520 1219 4589 hujusmodi
1241 4527 1328 4578 sectae
