3194 5408
328 511 376 567 124
841 510 943 568 ANNO
962 512 1038 567 1255

328 654 409 721 prout
419 650 577 721 expedierit,
590 648 1321 722 61666666(166116666666666116666661661116661
1330 651 1559 707 convocationem

327 733 484 803 hujusmodi
511 736 673 791 auctoritate
701 741 793 792 nostra
815 736 998 805 quadraginta
1020 736 1127 791 dierum
1149 735 1367 804 indulgentiam
1390 734 1558 804 procedendi

327 819 409 874 etiam
423 825 517 874 contra
534 821 603 884 illos,
617 821 664 888 qui
681 822 715 875 ad
734 825 823 888 panes
840 821 981 875 connitatui
1000 821 1135 875 Tolosano
1146 820 1289 889 contiguas
1304 838 1335 874 se
1352 819 1557 883 transtulerint,

326 903 406 957 utsic
427 902 586 958 canonicam
609 905 743 973 effugiant
765 904 912 969 ultionem3
930 903 1047 958 faciendi
1065 921 1173 972 quoque
1195 903 1336 957 observari
1356 902 1558 957 inviolabiliter

326 985 418 1041 omnia
429 990 530 1041 statuta
542 986 653 1055 provide
664 986 746 1050 edita,
759 991 815 1042 tam
828 986 857 1040 in
874 986 1004 1041 Conciliis
1025 986 1178 1055 legatorum
1200 986 1272 1039 sedis
1286 986 1462 1054 apostolicae
1477 1002 1558 1055 quam

325 1069 408 1123 etiam
420 1068 449 1122 in
466 1071 554 1122 forma
570 1069 644 1137 pacis
664 1070 730 1123 olim
749 1069 834 1123 initae
855 1069 927 1123 inter
946 1069 1088 1122 ecclesiam
1108 1069 1262 1123 Romanam
1281 1073 1309 1122 et
1329 1067 1511 1123 carissimum
1528 1067 1558 1121 in

327 1151 435 1206 Christo
456 1151 544 1205 tilium
563 1156 685 1205 nostrum
706 1169 799 1219 regem
822 1152 955 1205 Franciae
975 1151 1109 1206 1116616666
1130 1168 1164 1205 ex
1185 1154 1263 1218 parta
1285 1166 1344 1203 una
1361 1152 1390 1204 et
1417 1150 1557 1217 quondam

325 1232 539 1302 lt[aymundum]
551 1234 678 1289 comitem
688 1234 851 1288 Tolosanum
867 1252 900 1287 cx
910 1235 1004 1296 altera,
1015 1251 1085 1301 quae
1095 1233 1233 1302 negotium
1243 1232 1306 1287 tidei
1316 1238 1440 1301 tangere
1448 1231 1556 1302 dignaa-

324 1323 434 1382 cuntur,
447 1319 518 1374 sicut
529 1319 693 1387 promotioni
706 1319 808 1387 negotii
819 1324 847 1373 et
858 1324 1005 1386 augmento
1017 1318 1080 1372 fidei
1092 1319 1176 1372 fuerit
1192 1322 1389 1385 opportunum,
1404 1332 1516 1371 666666
1530 1320 1558 1371 et

325 1403 397 1456 utin
408 1403 501 1456 eodem
520 1402 629 1470 negotio
641 1402 787 1455 summarie
799 1403 899 1469 absque
906 1401 1006 1470 judieii
1023 1405 1050 1455 ct
1065 1402 1259 1455 advocatorum
1269 1398 1389 1466 strepitu
1409 1398 1558 1466 6666661616

325 1484 416 1537 valeas
433 1484 595 1538 auctoritate
607 1484 790 1552 praesentium
802 1483 852 1537 tibi
862 1484 1034 1537 concedimus
1042 1483 1209 1537 facultatem.
1221 1480 1448 1536 Contradictooee
1456 1484 1556 1545 autem,

324 1566 348 1619 si
368 1565 415 1633 qui
427 1565 538 1629 fuerint,
551 1567 594 1620 661
606 1567 719 1620 rebelles
730 1583 779 1634 per
796 1583 924 1619 censuras
935 1565 1140 1628 ecclesiasticas,
1153 1561 1336 1633 appellatione
1352 1567 1475 1627 remota,
1487 1580 1557 1619 com·

324 1666 430 1718 peseas3
449 1666 503 1702 non
526 1650 648 1703 obstante
665 1648 687 1700 si
704 1648 842 1715 aliquibus
859 1666 875 1701 a
895 1649 957 1702 sede
977 1648 1012 1702 sit
1031 1647 1168 1702 indultum
1189 1646 1293 1709 661616,
1315 1645 1392 1713 quod
1417 1645 1556 1709 interdici,

324 1730 452 1798 suspendi
464 1731 507 1783 661
519 1731 749 1785 excommunicari
762 1749 816 1784 non
833 1732 935 1799 possint
953 1748 1002 1798 per
1018 1731 1122 1784 litteras
1138 1728 1308 1798 apostolicas,
1323 1726 1378 1781 nisi
1399 1728 1514 1796 plenam
1531 1730 1558 1782 61

323 1830 475 1881 expressam
491 1814 534 1866 661
552 1815 585 1867 (16
597 1815 679 1867 verbo
695 1815 854 1867 adverbum
867 1815 1025 1868 iecerint-de
1042 1814 1149 1867 indulto
1165 1810 1323 1880 hujusmodi
1340 1810 1516 1867 mentionem
1530 1816 1558 1868 et

324 1894 516 1949 constitutione
528 1896 560 1947 dc
572 1896 677 1948 duabus
688 1894 768 1949 dictis
780 1896 853 1949 edita
865 1896 893 1949 in
905 1896 1021 1949 concilio
1033 1895 1164 1964 generali.

357 1977 457 2031 Datum
470 1978 593 2045 Neapoli,
608 1977 644 2030 VI
656 1977 718 2029 idus
727 1977 830 2041 Martii,
844 1976 1016 2044 pontificatus
1028 1977 1113 2031 nostri
1125 1994 1197 2031 anno
1208 1975 1305 2045 primo.

584 2091 685 2158 Ripoll,
707 2091 807 2153 (16611,
830 2092 879 2145 blz.
905 2094 962 2155 273,
988 2102 1018 2145 n⁰
1042 2092 1245 2156 16.(Ρ6111ι661,
1270 2092 1332 2147 deel
1355 2092 1392 2156 11,
1407 2092 1463 2147 blz.
1483 2094 1554 2155 12⁹7,

616 2181 646 2224 n⁰
671 2173 770 2235 15131.)
789 2201 822 2210 -
848 2170 953 2227 Slechts
972 2172 1146 2240 genceltelijk
1167 2174 1204 2239 bij
1228 2173 1403 2242 Raynaldus,
1428 2174 1556 2228 Aranda

615 2255 801 2318 6661661661σὶ,
813 2255 848 2309 ad
860 2271 963 2310 annum
976 2257 1076 2319 1255,§
1087 2257 1129 2309 33.

889 2513 971 2580 131.

369 2718 473 2796 1255,
501 2720 679 2807 depastus
702 2721 761 2800 21,
788 2720 941 2807 Artopni.
968 2723 1029 2788 Bul
1054 2740 1117 2787 van
1131 2741 1211 2806 paus
1227 2719 1425 2789 Alexander
1441 2722 1493 2789 1v
1508 2726 1555 2793 tot

323 2821 362 2890 de
386 2823 624 2909 predikheeren
642 2845 706 2890 van
725 2825 891 2914 Besanqon
916 2824 1056 2910 gerieht‚
1076 2822 1212 2911 waarbij
1229 2822 1274 2910 hij
1291 2823 1361 2891 hen
1379 2845 1425 2912 op
1442 2827 1555 2895 hunne

321 2945 489 3010 aanvraag
512 2946 577 2992 van
601 2927 658 2992 het
683 2947 892 2993 waarnemen
913 2927 972 2993 der
994 2927 1163 3013 Inquisitio
1179 2927 1212 2991 in
1229 2928 1448 3014 Bourgondid
1463 2931 1553 2999 enin

320 3029 507 3116 Lotherrijk
523 3031 678 3109 ontslaat,
699 3032 876 3116 aengezien
894 3031 935 3117 zij
950 3030 997 3097 dit
1009 3029 1098 3097 ambt
1111 3030 1158 3096 uit
1171 3029 1288 3096 hoolde
1299 3051 1369 3098 van
1382 3032 1427 3100 de
1438 3042 1554 3121 groote

318 3131 480 3198 onkosten
512 3154 553 3200 66
589 3154 653 3199 666
685 3134 807 3201 andere
839 3133 1054 3221 hinderpalen
1085 3134 1154 3201 niet
1188 3133 1380 3223 gevoeglijk
1413 3135 1553 3205 kunnan

319 3233 533 3321 volbrengen.

352 3427 506 3481 Alexander
525 3428 674 3497 episeopus,
693 3447 786 3483 servus
803 3445 943 3483 servorum
961 3429 1020 3490 Dei,
1039 3428 1146 3483 dilectis
1163 3428 1228 3482 filiis
1255 3428 1345 3497 priori
1366 3434 1396 3485 et
1419 3432 1552 3489 nouitio

321 3507 552 3574 praedicatoribus
563 3511 596 3564 (16
609 3511 742 3575 Bisontio,
755 3512 870 3565 salutem
881 3516 909 3565 et
919 3511 1095 3578 apostolicam
1108 3509 1335 3566 benedictionem.

355 3592 433 3653 Cum,
454 3591 525 3646 sieut
544 3593 671 3658 asseritis,
690 3595 720 3647 in
739 3594 882 3647 commisso
902 3594 978 3646 vobis
998 3598 1093 3647 666166
1113 3591 1264 3647 haereticos
1284 3593 1315 3647 in
1337 3595 1512 3667 Burgundin
1527 3604 1553 3654 et

321 3672 501 3742 Lotharingia
523 3674 709 3743 Inquisitionis
721 3677 809 3730 officio
821 3677 950 3730 diuturne
960 3681 987 3731 ct
999 3677 1129 3743 usquead
1147 3675 1337 3731 lassitudinem
1349 3679 1473 3735 nimiam
1481 3682 1552 3736 labo

320 3762 411 3811 rantes
433 3762 543 3824 propter
559 3776 737 3824 expansarum
755 3760 889 3813 6161661666
913 3764 940 3812 et
957 3758 1011 3811 alia
1028 3758 1221 3825 impedimenta
1237 3758 1306 3812 illud
1325 3761 1441 3817 utiliter
1456 3764 1553 3834 exequi

319 3840 468 3907 nequeatis,
481 3841 584 3894 absolvi
602 3843 637 3894 ab
648 3842 730 3895 officii
743 3843 898 3909 hujusmodi
915 3858 997 3895 66666
1010 3841 1150 3894 humiliter
1162 3842 1317 3909 postulatis3
1337 3861 1389 3899 nos
1405 3846 1510 3917 igitur,
1521 3866 1553 3903 ne

319 3923 445 3991 deinceps
465 3925 543 3978 labor
559 3930 647 3979 vester
664 3927 793 3980 reddat-ur
811 3926 924 3988 inutilis,
939 3925 1034 3978 restris
1051 3924 1296 3992 supplicationibus
1312 3925 1451 3984 inclinati
1473 3948 1554 3986 rosa

318 4004 392 4059 dicta
402 4006 580 4074 Inquisitione
591 4007 719 4061 duximus
730 4009 915 4061 absolvendos.

352 4087 452 4142 Datum
464 4088 615 4157 Anagniae,
629 4090 682 4144 XII
694 4090 750 4143 kal.
764 4089 937 4157 Septembris,
951 4088 1123 4157 pontificatus
1135 4088 1220 4143 nostri
1231 4105 1305 4143 anno
1318 4091 1426 4160 primo.

578 4202 680 4270 Ripoll,
702 4204 761 4256 deel
781 4204 803 4266 1,
826 4204 875 4256 blz.
899 4205 956 4265 286,
979 4213 1010 4256 110
1030 4207 1071 4256 41.
1092 4203 1235 4267 (Potthast,
1256 4202 1319 4257 dael
1340 4204 1379 4269 11,
1403 4206 1461 4263 blz.
1481 4212 1553 4274 lale,

612 4296 642 4337 u⁰
657 4285 758 4349 15995.)
768 4313 801 4322 -
810 4286 850 4338 De
861 4285 1059 4352 predikhcercn
1071 4302 1124 4338 666
1136 4286 1277 4353 Β6666666
1288 4302 1390 4341 waren
1400 4289 1478 4345 door
1489 4308 1554 4361 pana

611 4367 784 4420 Innocentius
802 4367 839 4421 IV
841 4409 848 4430 ,
862 4368 898 4431 bij
912 4367 960 4420 bul
971 4384 1023 4420 666
1036 4371 1067 4420 lb
1079 4368 1233 4421 November
1244 4369 1320 4429 1241,
1334 4373 1396 4424 met
1411 4373 1451 4427 (16
1467 4374 1555 4443 lnqui-

612 4448 673 4502 sitio
690 4449 718 4502 in
731 4449 905 4517 Bourgondid
916 4467 951 4504 on
966 4449 1122 4516 LothorriJls
1137 4449 1223 4517 gelasi
1239 4454 1554 4524 moneodanum

611 4551 722 4602 garons
734 4545 764 4588 nr
777 4533 846 4603 123.)
