3194 5408
185 508 233 562 528
323 506 596 563 AANGEHAALDE
616 501 924 560 HANDSCHRIFTEN
943 502 990 557 EN
1009 498 1296 556 DRUKWERKEN.

185 655 312 704 accurate
329 649 487 717 recognovit
503 649 636 716 losephus
653 647 778 714 Stronge.
792 645 921 708 21661611,
941 643 1056 708 Keulen,
1070 643 1148 697 Bonn
1160 657 1195 697 en
1208 639 1323 695 Brussel
1341 639 1410 691 1851.

186 730 243 795 (Zie
253 731 350 785 verder
359 730 393 784 de
405 730 515 784 werkcn
528 746 582 783 ven
594 728 760 783 Kauffmenn
772 743 806 781 en
818 725 998 792 Wijbrends.)

219 849 260 899 23.
279 843 416 913 (AEgidius
428 845 565 900 Cerlerius
576 846 607 898 of
621 843 743 908 0611161),
757 842 856 911 Sporta
867 849 892 893 et
901 840 1033 910 Sportula
1042 840 1270 908 frcpmmtorum
1282 836 1413 904 mactra-i

186 930 297 998 AEps'dtr‘
315 928 445 996 Ccrlersj,
459 928 559 982 decani
576 928 687 982 ecclesie
704 927 923 980 Cameracensis.
937 927 953 978 2
967 925 1071 989 deelen,
1085 922 1196 978 Bruseol
1214 922 1329 975 1418611
1341 921 1410 972 1479.

186 1012 264 1076 (Zeer
274 1009 407 1064 relduuam
418 1012 503 1076 werk,
517 1028 593 1066 wear
609 1010 708 1068 slcchts
724 1014 793 1064 twoe
809 1008 982 1077 exemplaren
992 1024 1046 1061 run
1057 1006 1164 1061 bokend
1174 1006 1240 1071 nijn,
1252 1001 1413 1058 beruslonde

186 1096 228 1147 ter
247 1090 427 1155 xoninkleke
440 1093 632 1149 Bibliothekcn
651 1109 705 1146 ven
727 1091 836 1146 Brussel
857 1108 892 1145 en
912 1091 971 1146 Den
992 1090 1079 1159 ng.
1101 1088 1176 1144 Voor
1195 1086 1232 1142 de
1249 1084 1352 1141 kennis
1366 1084 1413 1138 der

186 1174 340 1240 kerkelijke
361 1175 528 1238 toestenden,
551 1175 600 1229 der
628 1172 883 1242 bljgeloovigheden
904 1188 940 1227 eu
961 1171 1011 1227 der
1033 1171 1177 1237 keuerijen
1199 1167 1361 1238 gedumnde
1381 1165 1413 1219 de

186 1256 288 1312 twecde
299 1258 368 1314 helst
382 1259 432 1314 der
444 1261 488 1312 15·
499 1273 576 1311 eeuw
593 1257 622 1311 in
639 1256 673 1311 de
689 1255 858 1312 bisdommen
875 1254 1027 1321 Kemertjk,
1044 1252 1160 1309 Aescu
1169 1267 1206 1306 en
1218 1248 1413 1316 Doornik10cn

186 1339 279 1395 vierde
289 1340 339 1395 der
349 1339 584 1405 Nederlsnden)is
600 1340 647 1395 hel
663 1357 729 1395 eene
744 1339 986 1394 onweerdeerbere
1002 1339 1079 1393 brun.
1091 1364 1125 1378 -
1141 1335 1189 1390 Zic
1200 1338 1288 1402 mijne
1298 1332 1413 1389 verben-

185 1421 280 1569 tlieligr?
296 1422 325 1477 in
342 1422 388 1478 het
404 1421 525 1490 Arellies
535 1438 602 1476 ooor
614 1421 844 1477 Nederlaatlrole
855 1420 1126 1491 respectemus,
1138 1418 1198 1475 (1661
1214 1416 1332 1483 111,o12.
1347 1419 1412 1477 131,

204 1508 235 1558 88
256 1547 261 1558 .

220 1624 260 1675 24.
279 1621 305 1674 l.
319 1620 350 1675 0.
362 1620 396 1675 R.
410 1624 531 1689 Aequoy,
544 1621 667 1676 Gerardi
675 1624 777 1690 Mapm'
788 1620 920 1690 epistolae
932 1621 975 1675 XI
981 1620 1012 1674 V.
1024 1618 1195 1675 Ansurdsm
1206 1621 1282 1674 1857.

221 1738 261 1790 25.
282 1735 400 1790 Thomas
411 1752 428 1789 a
440 1735 560 1802 Kerupis,
575 1736 674 1804 Opera.
688 1736 777 1800 Pariis
791 1738 864 1791 1523.

109 1865 111 1870 ’
225 1853 265 1904 26.
279 1850 317 1904 M.
329 1849 446 1906 Wesscli
458 1849 606 1904 Gensfortii
619 1849 815 1919 Groningensis
827 1851 917 1918 Opera
930 1867 1001 1919 quae
1015 1850 1137 1903 inveniri
1143 1854 1301 1917 potuerunt
1311 1851 1413 1900 ornata

191 1933 349 2002 Groningen
361 1936 433 1988 1614.

223 2055 263 2106 21.
282 2051 448 2116 (Bernerdus
469 2051 694 2120 Lutzenburgus),
715 2050 867 2120 Catalepta
883 2050 1068 2106 hereticorum
1084 2048 1208 2104 omnium
1226 2066 1307 2118 pene,
1320 2049 1368 2117 qui
1384 2047 1416 2100 ad

189 2135 240 2190 hec
251 2150 337 2202 usque
355 2137 477 2201 tempora
493 2134 593 2201 passim
609 2134 752 2188 literarum
764 2134 948 2190 monumentis
965 2134 1065 2203 proditi
1085 2137 1157 2199 sunt,
1169 2132 1286 2188 illorum
1297 2132 1414 2192 nomino.

193 2231 299 2270 errores
314 2220 343 2269 et
359 2219 481 2281 tempore
497 2214 596 2281 quibus
612 2215 740 2269 vixerunt
752 2215 903 2279 ostendens,
918 2231 971 2283 que
980 2215 998 2268 1.
1009 2212 1175 2268 Ber-turdus
1192 2212 1415 2280 emmas,

189 2299 291 2353 artium
303 2303 330 2353 et
340 2314 480 2352 sacrorum
498 2297 639 2352 literarum
652 2300 796 2366 professor,
809 2298 914 2353 ordinis
925 2297 1114 2367 praedicatorij
1126 2296 1249 2366 qunque
1267 2297 1348 2352 libris
1358 2312 1416 2349 cou-

190 2379 306 2447 scripsit,
331 2378 360 2433 in
383 2378 461 2433 cuius
484 2379 557 2433 calce
580 2380 660 2434 etde
681 2381 782 2434 Lutero
805 2380 931 2435 nonnihil
951 2380 1144 2448 deprehendes.
1161 2407 1196 2419 -
1214 2378 1311 2435 Editio
1329 2379 1415 2440 teres,

191 2461 329 2530 prioribus
342 2461 520 2516 emaculalior
531 2467 559 2516 ct
575 2462 662 2516 multo
678 2461 850 2529 locupletior,
864 2479 961 2531 nempe
977 2462 1086 2531 integro
1102 2461 1174 2516 libro
1185 2463 1221 2516 eb
1237 2461 1301 2530 ipso
1311 2465 1419 2515 auclore

192 2562 265 2600 nunc
288 2548 369 2598 aucto
390 2549 419 2598 et
440 2544 589 2613 recognito.
613 2544 747 2609 (Keulen),
771 2562 843 2600 enno
867 2545 1168 2610 M.1).XXV1,·1uensc
1189 2544 1306 2600 Martio.
1328 2570 1363 2586 -
1383 2543 1418 2596 06

192 2626 325 2695 opdrscht
345 2641 397 2680 een
419 2626 538 2681 Hermen
555 2627 589 2682 de
606 2626 705 2690 Wede,
723 2627 923 2696 eartsbisschop
942 2644 996 2682 ven
1018 2627 1132 2690 11611166,
1150 2626 1176 2680 is
1195 2625 1418 2695 gedcgteekend:

194 2709 307 2764 0616666
323 2708 695 2774 M.o.xxl1.(ssio1iothoek
713 2708 763 2764 der
775 2709 909 2766 Gentsche
926 2709 1125 2778 hecgeschool).
1138 2708 1214 2764 Orer
1228 2707 1274 2764 dit
1290 2708 1421 2764 reldnum

193 2808 228 2846 en
245 2808 305 2846 seer
322 2791 477 2859 belengrijlr
496 2791 579 2855 werk,
592 2790 631 2845 zie
648 2791 725 2855 Moll,
744 2789 1187 2860 Kerepesctecents,csc111,3⁶
1206 2791 1283 2855 stuk,
1301 2791 1420 2850 016104,

193 2880 258 2928 noct
268 2875 293 2926 2.

227 2987 268 3037 28.
287 2983 319 3037 G.
333 2983 484 3046 Preteolus,
503 2984 546 3035 De
564 2985 639 3048 citis,
656 2985 736 3037 sectis
753 2991 778 3036 et
795 2983 971 3053 dcpmattbus
991 2986 1117 3038 amnium
1137 2982 1361 3050 hamaicorum,
1378 2984 1423 3053 qui

194 3066 229 3118 eb
246 3066 312 3119 orbe
329 3065 438 3119 condite
455 3065 490 3118 ed
510 3070 602 3119 nostra
619 3082 704 3133 usque
722 3070 845 3134 tempora
864 3071 892 3122 et
911 3071 1034 3122 veterum
1054 3072 1082 3122 el
1100 3067 1257 3123 recentium
1278 3068 1425 3123 authorum

196 3146 368 3201 monimentis
379 3146 480 3213 proditi
498 3150 568 3211 sunt,
583 3144 710 3199 elenchus
722 3146 921 3216 alphabeticus.
934 3147 1040 3204 Kculen
1056 3152 1128 3203 1569.

196 3262 269 3396 ΙΙ120.
288 3259 507 3397 {id'sengnageh
533 3261 663 3314 Collectio
684 3270 806 3314 ceterum
828 3270 1073 3317 monumentorum
1094 3270 1195 3318 contra
1215 3263 1425 3319 Schismaticos.

228 3343 288 3411 gols
335 3346 427 3397 11012.

230 3464 270 3513 30.
289 3460 427 3526 Duplessis
443 3460 611 3529 d’Argentre,
635 3460 765 3515 Collectio
780 3462 959 3529 judiciorum
983 3463 1018 3517 de
1038 3465 1121 3519 acuis
1142 3465 1308 3532 moribus,
1326 3467 1375 3534 qui
1398 3468 1429 3519 cb

198 3541 276 3597 initio
287 3542 442 3596 duodecimi
453 3543 537 3597 seculi
547 3549 606 3610 post
615 3543 832 3599 incarnationem
843 3545 926 3600 Verbi
936 3563 1020 3613 usquc
1029 3547 1064 3600 ed
1073 3562 1177 3601 annum
1190 3550 1257 3603 1632
1267 3549 1301 3603 in
1311 3550 1430 3604 eccleis

198 3623 342 3692 proscripti
354 3630 417 3678 sunt
429 3630 456 3679 et
464 3625 558 3679 notati.
572 3629 588 3678 3
599 3624 701 3690 deelen,
716 3626 806 3692 Perijs
818 3630 965 3681 17231136.

231 3741 273 3791 30.
294 3738 466 3805 Outcleclsiup
478 3754 533 3792 oen
546 3746 639 3807 toverp
650 3740 814 3795 beschoeven
826 3741 855 3794 in
873 3742 974 3809 Engels
984 3743 1052 3797 door
1065 3742 1186 3799 Reinald
1200 3744 1279 3811 Soet,
1294 3748 1430 3814 seusus

199 3820 235 3887 by
248 3819 300 3873 Th.
313 3836 348 3874 en
365 3820 397 3873 G.
418 3821 529 3885 Besson,
547 3827 586 3876 tot
604 3822 706 3877 Leiden
728 3826 800 3877 1631.
813 3852 847 3863 -
863 3825 1004 3880 Zeldzeam
1021 3825 1113 3892 werk3
1132 3826 1173 3880 zie
1198 3827 1431 3883 Kcrltlu'sloriscl

199 3902 322 3969 Arellies,
334 3903 394 3957 decl
406 3903 428 3968 I,
439 3905 489 3957 blz.
503 3908 560 3958 253.

234 4021 275 4072 32.
296 4017 332 4072 Li
344 4018 439 4071 liores
451 4019 486 4071 dc
488 4021 589 4086 justice
600 4028 624 4074 el
635 4021 669 4074 de
676 4021 744 4090 plet,
757 4022 921 4092 uilgegeven
932 4023 1000 4078 door
1011 4024 1123 4093 Reperti
1134 4025 1165 4080 in
1177 4026 1216 4082 de
1231 4028 1391 4084 Collcets'orr
1402 4030 1433 4082 de

202 4102 361 4156 documents
373 4102 476 4156 laedite
487 4119 537 4156 sur
546 4101 680 4158 l’lcistor're
691 4106 725 4159 de
736 4107 853 4160 Wance.
868 4107 956 4173 Perijs
970 4111 1041 4163 1850.

235 4221 276 4271 33.
294 4218 523 4271 Estalrlissemens
531 4219 565 4272 de
574 4221 653 4273 Saint
663 4219 747 4272 Leuis
759 4219 830 4275 inde
841 4221 1038 4277 ordonnauces
1047 4222 1097 4276 des
1106 4224 1177 4279 Rois
1187 4226 1225 4280 dc
1235 4229 1353 4284 maiae
1363 4230 1396 4283 ce
1407 4228 1432 4281 la

203 4302 342 4353 troisilme
352 4316 424 4354 rece.
439 4304 469 4354 22
481 4302 584 4365 deelsn,
598 4302 687 4367 Pariis
699 4304 850 4356 11231643.

235 4419 276 4469 34.
295 4415 421 4484 Philippe
432 4416 466 4470 de
478 4417 667 4479 Booumnnoir,
680 4417 828 4471 Contumes
841 4418 879 4471 du
891 4419 1067 4485 Beartoot'sc's,
1080 4420 1253 4492 uitgegessn
1272 4428 1345 4484 door
1362 4430 1436 4497 grues

204 4501 336 4568 Beugnot.
351 4502 481 4566 21661611,
495 4502 584 4567 Porijs
597 4505 669 4556 1842.
