3194 5408
197 523 230 573 ’ὤ
703 524 804 580 ANNO
823 528 899 582 1162

194 661 336 732 religionis
355 663 427 730 apud
448 665 665 730 imperitissimos
683 685 712 720 se
727 667 879 726 occultans.
902 667 1070 736 simplicium
1090 667 1197 721 animas
1216 667 1360 736 perditum
1382 668 1427 722 ire

194 747 308 803 molitur
318 752 347 801 et
357 764 407 816 per
417 747 613 815 abjectissimos
623 753 750 812 textores,
762 750 811 817 qni
827 768 907 819 saepe
917 751 951 805 de
967 751 1028 804 loco
1045 751 1157 820 lugiunt
1174 751 1208 804 ad
1225 751 1321 804 locum
1334 751 1425 806 nomi·

196 847 285 898 nsque
296 836 509 895 commutarunt,
521 832 642 899 captivas
657 832 763 887 ducunt
780 834 958 889 mulierculas
973 839 1099 890 oneratas
1118 833 1254 903 pematis3
1272 852 1326 889 nos
1339 835 1424 905 gregi

196 914 349 978 Dominico,
358 919 438 981 cujus
448 931 543 967 curam
553 914 729 983 suscepimus.
743 934 779 970 ne
789 934 839 984 per
849 917 911 970 illos
921 917 950 970 in
961 917 1154 985 praecipitium
1165 924 1219 982 eat,
1232 917 1424 982 consulentes,

193 996 339 1050 statuimus
354 1002 387 1050 nt
402 995 532 1063 quoniam
548 997 621 1050 inter
636 997 771 1066 sacrilega
782 999 960 1066 nesmdaqne‚
973 999 1073 1066 quibus
1084 1015 1140 1053 non
1157 997 1307 1066 inquinare
1319 999 1423 1061 solnm,

193 1094 289 1133 rerum
302 1077 385 1132 etiam
401 1078 514 1131 inficere
524 1078 666 1132 ecclesiam
683 1086 828 1143 conantur,
841 1082 1003 1148 conjugium
1013 1081 1087 1147 qood
1097 1098 1115 1134 a
1126 1079 1246 1136 Domino
1256 1080 1423 1136 institutum

193 1167 371 1228 sanctumque
381 1166 431 1224 est,
450 1168 480 1212 ιιι
496 1156 573 1227 quasi
590 1160 714 1227 puriores
733 1161 943 1228 mundioresque
960 1162 1068 1216 valeant
1080 1179 1221 1231 apparere,
1240 1161 1429 1230 impudenter

192 1231 332 1306 demirant,
345 1249 473 1297 ettamen
485 1241 514 1295 in
524 1241 701 1311 sugillatione
713 1243 937 1295 mendacissimae
952 1242 1136 1297 simulationis
1152 1243 1323 1298 seminarum
1336 1245 1425 1300 etiam

194 1325 458 1392 consanguinearum
480 1324 659 1378 contubernia
681 1323 811 1377 affectant
832 1331 857 1376 et
880 1325 1061 1391 frequeniem,
1081 1331 1122 1389 ut,
1138 1325 1192 1380 nisi
1213 1327 1383 1383 commoniti
1407 1348 1426 1384 a

193 1408 395 1463 cohabitatione
411 1425 461 1460 sua
478 1406 540 1458 illas
551 1406 725 1468 removerint,
742 1407 777 1458 ab
796 1405 921 1474 episcopo
933 1407 1213 1463 excommunicentur.
1225 1407 1309 1472 Quod
1327 1409 1353 1464 si
1370 1427 1425 1466 nec

194 1490 233 1545 ita
243 1489 406 1549 destiterint.
420 1491 491 1542 bona
503 1505 596 1542 eorum
609 1488 796 1555 publicentur.

224 1574 345 1640 Majores
355 1589 420 1625 vero
430 1571 530 1637 quibus
540 1570 589 1623 alii
607 1570 784 1631 seducuntur,
804 1571 826 1622 si
846 1570 962 1623 confessi
979 1573 1082 1626 fuerint
1101 1572 1144 1626 vel
1160 1573 1291 1639 convicti,
1305 1592 1425 1633 carcero

195 1662 334 1724 perpetuo,
346 1655 399 1708 nisi
408 1653 523 1722 gravius
533 1652 638 1718 aliquid
649 1652 718 1705 mihi
730 1653 769 1706 eis
778 1653 838 1706 fiori
850 1653 949 1706 debere
958 1654 1045 1707 visum
1056 1655 1148 1719 luerit,
1160 1656 1354 1713 recludentur.

225 1739 358 1804 sequaces
379 1754 444 1791 vero
464 1735 558 1788 itidem
577 1735 691 1788 contami
714 1736 759 1789 rel
778 1735 908 1799 convicti,
930 1734 974 1788 his
990 1739 1110 1805 exceptis
1128 1739 1177 1805 qui
1196 1740 1289 1794 abeis
1309 1740 1423 1797 sedndi

191 1821 364 1890 correptique
386 1820 466 1873 facile
482 1817 651 1885 resipiscant,
670 1818 743 1870 ferro
764 1818 854 1871 calido
873 1820 991 1872 frontem
1003 1825 1030 1872 et
1046 1820 1128 1874 iacies
1144 1821 1247 1889 signati
1263 1823 1420 1890 pellantur.

192 1902 300 1971 Quique
311 1921 356 1958 eos
368 1903 538 1972 postmodum
551 1900 716 1966 ubicumque
728 1901 851 1953 locorum
863 1901 1005 1969 repererit,
1020 1901 1105 1956 libere
1115 1905 1219 1971 capiat.

225 1987 270 2041 Sic
282 1987 355 2041 enim
367 1992 394 2040 et
411 1987 450 2039 eis
460 2001 517 2038 non
532 1983 620 2037 deerit
636 1983 821 2050 poenitentiae
837 1983 914 2038 locus
925 1990 953 2037 et
972 1983 1006 2037 ab
1024 2001 1119 2038 eorum
1137 1986 1293 2043 imitatione
1305 2007 1423 2047 execra-

192 2072 241 2128 bili
253 2072 336 2126 ceteri
348 2071 558 2124 revocabuntur.

223 2152 252 2206 Si
264 2154 326 2219 quis
336 2170 402 2206 vero
412 2151 446 2204 de
456 2150 509 2203 hac
521 2149 705 2217 impurissima
717 2158 791 2203 secta
803 2150 913 2203 infamis
925 2153 1008 2206 luerit
1019 2158 1046 2206 et
1057 2152 1135 2219 quasi
1148 2153 1280 2210 innocens
1290 2173 1422 2228 purgare

188 2254 218 2291 ae
229 2235 355 2296 voluerit,
374 2235 456 2302 igniti
467 2233 532 2286 ferri
542 2233 649 2298 Judicio
661 2251 689 2285 se
702 2232 846 2299 purgabit.
859 2231 888 2285 Si
906 2250 969 2288 reus
980 2236 1173 2302 comprobatus
1183 2237 1277 2301 tuerit,
1290 2245 1325 2293 ut
1336 2258 1420 2308 supe·

190 2319 248 2372 rius
265 2319 369 2371 dictum
388 2325 436 2380 est,
457 2317 546 2370 calido
568 2317 640 2369 ferro
657 2316 781 2382 signatus
800 2316 972 2383 pellatur3si
992 2318 1124 2373 innocens
1143 2317 1235 2382 fuerit,
1258 2320 1421 2378 catholicus

191 2400 338 2456 habentur.

451 2465 552 2528 blansi,
564 2465 624 2519 deel
635 2464 712 2529 xxi,
726 2465 778 2518 blz.
795 2469 859 2519 843.

772 2657 836 2724 35.

236 2849 339 2924 1162,
358 2848 430 2913 Mei
447 2850 501 2922 17,
521 2846 745 2932 Montpcllier.
768 2845 980 2931 Vermelding
996 2845 1055 2912 der
1070 2845 1245 2932 beslissing
1264 2867 1333 2915 van
1359 2849 1421 2916 het

189 2951 340 3027 Couoitie,
373 2951 488 3016 aldaar
517 2950 597 3014 door
625 2970 704 3034 paus
735 2949 923 3014 Alexander
949 2950 995 3014 111
1024 2951 1209 3035 gehouden‚
1243 2955 1347 3036 tegen
1376 2953 1420 3021 de

189 3055 391 3142 wereldlijke
408 3062 552 3131 vorsten,
572 3053 634 3128 die,
653 3051 733 3117 door
759 3052 798 3118 de
822 3053 913 3117 Kerk
940 3055 1107 3133 verzocht‚
1127 3054 1166 3119 de
1190 3053 1321 3120 letters
1347 3057 1421 3125 niet

188 3158 311 3225 zouden
337 3157 526 3242 vervolgen.
545 3194 589 3204 -
612 3157 658 3221 De
681 3155 859 3241 plichtigen
883 3156 991 3222 zullen
1016 3161 1082 3224 met
1105 3156 1145 3223 de
1168 3157 1297 3227 letters
1323 3161 1421 3228 zelve

190 3263 222 3327 iu
239 3261 300 3327 den
313 3262 378 3328 ban
396 3261 454 3327 der
469 3262 562 3327 Kerk
577 3261 654 3347 ziju.

221 3445 368 3499 Constituit
381 3445 463 3500 etiam
475 3444 654 3514 [concilium]‚
665 3451 696 3498 ut
708 3444 874 3511 quicumque
886 3442 1013 3512 princeps
1024 3439 1173 3501 saecularis
1183 3449 1219 3501 ab
1227 3447 1422 3505 ecclesiastico

189 3528 309 3583 monitus
318 3527 537 3594 jurisdictionem
556 3526 734 3594 temporalem
747 3527 833 3580 ineos
850 3527 1022 3595 [haereticos]
1044 3545 1099 3582 non
1119 3532 1258 3585 curaverit
1274 3548 1421 3599 exercere,
1452 3577 1457 3583 .

189 3611 225 3664 sit
235 3629 299 3665 cum
311 3612 350 3664 eis
360 3610 443 3664 simul
456 3611 566 3665 vinculo
577 3611 760 3665 anathematis
777 3611 930 3674 innodatus,
943 3613 1172 3678 quemadmodum
1188 3618 1324 3669 statutum
1336 3618 1424 3672 estin

192 3695 367 3749 Lateranensi
381 3696 509 3749 concilio,

453 3809 553 3872 blansi,
565 3809 625 3862 deel
644 3809 722 3872 xxi,
739 3808 789 3863 blz.
804 3808 877 3864 1159.
889 3809 978 3875 (leffe,
996 3809 1056 3863 decl
1068 3809 1103 3874 ll,
1115 3809 1166 3864 bln.
1186 3811 1233 3865 151
1250 3828 1285 3865 en
1303 3814 1422 3878 15⁸.)-

484 3894 537 3946 Het
560 3893 743 3946 Lateraansch
766 3893 897 3957 Concilio,
921 3896 968 3946 dat
990 3891 1053 3946 hier
1071 3894 1183 3948 bedoeld
1203 3895 1303 3959 wordt,
1326 3898 1353 3952 is
1372 3898 1424 3954 het

483 3976 594 4038 twaede.
619 3976 647 4029 in
676 3978 741 4029 1139
764 3975 832 4029 door
859 3993 927 4043 paus
950 3975 1124 4030 Innocentius
1145 3976 1169 4029 ll
1192 3977 1353 4045 gehouden.
1374 3981 1425 4036 Zia

483 4057 586 4127 hooger
597 4076 646 4113 ons
658 4067 687 4112 nr
698 4061 743 4111 20.

770 4232 835 4298 36.

237 4424 340 4499 1162,
362 4423 545 4491 December
566 4424 625 4501 23,
649 4426 770 4492 Poura.
790 4423 884 4490 Briel
896 4444 958 4490 rau
977 4423 1165 4490 Alexander
1180 4422 1227 4488 III
1243 4442 1309 4489 aan
1328 4424 1424 4492 Hen-

185 4526 271 4606 drik,
299 4526 541 4614 aartsbissohop
565 4548 629 4594 van
654 4528 776 4607 Reims‚
803 4547 883 4594 over
906 4525 1033 4595 ketters
1056 4548 1121 4594 ran
1149 4526 1216 4615 ziJn
1239 4527 1424 4614 geestelijlr
