3188 5408
500 515 601 570 ANNO
618 529 643 567 c.
663 513 748 575 1217,
767 513 853 566 1219.

121 841 307 912 omstreeks
322 844 425 921 1217,
438 843 633 931 Komerrjk.
648 841 814 910 Uitreksel
826 839 875 908 uit
886 840 945 907 het
958 842 1125 930 Droloyus
1136 841 1289 909 miracu·

11 984 25 1043 3,
84 934 177 1014 lorum
199 968 263 1014 van
288 944 351 1015 dan
375 947 510 1015 monnik
528 968 568 1012 en
594 946 779 1035 tijdgenoot
794 944 966 1012 Caesarius
984 966 1047 1012 van
1074 944 1289 1014 Heisterbach

81 1051 211 1119 trerhet
226 1050 433 1119 verbranden
451 1071 515 1119 vau
532 1071 592 1118 oen
609 1049 721 1117 aantal
737 1047 867 1116 ketters
891 1057 925 1116 ta
941 1049 1113 1137 Kamarijk
1138 1071 1178 1136 op
1194 1048 1287 1116 bevel

78 1160 133 1219 van
144 1155 202 1222 den
231 1154 381 1241 bisschop
398 1155 457 1221 der
472 1154 579 1241 plaats
595 1152 672 1242 (Jau
695 1152 727 1219 II
750 1173 814 1220 ran
832 1153 1009 1241 Bothune),
1031 1152 1130 1221 nudat
1146 1153 1187 1242 zij
1207 1153 1288 1221 door

73 1246 107 1320 de
117 1258 216 1343 proci
223 1278 286 1326 van
303 1258 361 1326 het
376 1257 527 1344 gloeieud
543 1257 626 1343 iJzer
640 1277 682 1343 op
698 1257 811 1323 hunno
827 1255 914 1321 hand
939 1256 1057 1343 galegd
1073 1277 1137 1323 van
1154 1256 1287 1346 ketterij

67 1369 177 1428 varen
192 1362 364 1448 orertuigd
395 1360 587 1449 geworden,
614 1382 655 1428 en
680 1379 759 1426 over
774 1359 833 1427 het
856 1359 1007 1439 mirakel,
1037 1360 1094 1428 dat
1109 1361 1190 1427 door
1207 1380 1288 1426 eene

11 1550 13 1563 Ι
59 1464 168 1543 goede
188 1462 298 1533 biacht
323 1472 374 1533 tot
402 1465 468 1533 heil
484 1485 551 1532 van
573 1485 678 1532 senen
694 1462 826 1530 hunner
842 1464 950 1550 plaats
977 1462 1054 1544 had,
1072 1464 1189 1531 zoodat
1209 1463 1287 1531 deza

55 1564 132 1634 niet
148 1567 308 1636 verbrand
323 1569 429 1638 werd.

53 1711 130 1783 Cap.
148 1718 221 1773 XVI.
241 1716 443 1772 Dehoereticts
463 1717 542 1789 apud
565 1717 748 1772 Camerocum
765 1731 818 1786 par
836 1714 961 1770 candem
982 1716 1093 1785 serrum
1115 1718 1286 1771 eoominotis

166 1802 364 1865 recordatrix,
382 1816 418 1853 ea·
438 1800 538 1870 quibus
554 1816 629 1853 unus
646 1799 778 1869 beneficio
795 1799 979 1868 consessionis
994 1797 1121 1853 solvam
1138 1806 1185 1852 est.

72 1915 127 1972 In
143 1922 283 1976 Cameraoo
294 1921 405 1976 civitate
421 1903 569 1990 episcopali
582 1922 655 1976 infra
666 1921 719 1975 hoc
731 1920 949 1988 quinquennium
967 1920 1059 1987 plures
1069 1920 1201 1976 haeretici
1213 1939 1284 1977 com·

48 2001 186 2066 nehem
197 2009 269 2068 sunt,
282 2007 329 2071 qui
338 2023 432 2060 omnes
442 2005 541 2060 timore
551 2004 646 2059 mortis
657 2022 734 2058 suam
746 2004 888 2071 perfidiam
901 2006 1078 2072 negaverunt.
1088 2003 1188 2058 Missus
1196 2008 1237 2059 est
1251 2006 1286 2059 ab

48 2082 186 2156 episcopo
202 2088 329 2151 clericus,
342 2089 389 2155 qui
410 2093 540 2156 negantes
557 2105 606 2156 per
624 2088 743 2142 caudens
760 2087 864 2140 sermm
881 2085 1058 2148 examinaret,
1071 2085 1181 2140 adustos
1191 2086 1285 2142 haere·

49 2164 138 2222 ticos
145 2171 323 2226 sententiaret.
337 2171 492 2225 Examinati
510 2174 574 2225 sunt
590 2188 696 2237 omnes3
709 2168 756 2236 qui
768 2186 831 2222 cum
843 2168 1018 2222 traherentur
1027 2167 1062 2221 ad
1080 2184 1204 2235 poenam,
1215 2185 1287 2223 unus

50 2263 78 2301 cx
96 2251 150 2305 eis
163 2253 204 2308 vir
220 2253 320 2309 nobilis
336 2251 470 2321 sanguine
487 2255 642 2306 reservatur
659 2269 676 2304 a
687 2249 787 2305 clerieo
799 2248 940 2311 advitam,
958 2247 981 2300 si
999 2248 1068 2302 sorte
1085 2248 1164 2302 illum
1176 2265 1285 2316 quoquo

51 2333 147 2388 modo
156 2337 281 2391 reducere
291 2339 380 2403 posset
391 2336 426 2389 ad
435 2334 639 2403 poenitentiam.
654 2334 705 2388 Cui
716 2333 756 2386 sic
765 2331 835 2385 dixit
845 2349 852 2384 τ
864 2353 876 2374 u
889 2330 977 2384 Homo
989 2330 1088 2384 nobilis
1096 2348 1143 2398 es;
1156 2331 1287 2386 misereor

52 2411 96 2465 tui
114 2422 147 2471 et
160 2419 308 2487 compatior
326 2417 435 2472 animae
452 2423 525 2472 tuae.
539 2417 619 2485 Rogo
636 2420 663 2470 et
682 2432 788 2477 moneo,
807 2418 839 2467 ut
855 2413 946 2467 adhuc
957 2414 991 2468 de
1007 2416 1083 2467 tanta
1094 2413 1209 2482 perfidia
1219 2414 1285 2469 resi·

55 2492 161 2561 piscar,
168 2500 200 2554 de
209 2516 306 2554 errore
316 2500 352 2554 ad
361 2498 503 2554 veritatem
512 2500 616 2563 redeas,
625 2515 658 2552 ne
670 2514 720 2565 per
727 2501 842 2550 mortem
851 2494 1028 2563 temporalem
1037 2499 1151 2550 mortem
1160 2495 1286 2550 incurras

57 2579 206 2635 fleternam.
221 2607 234 2628 n
255 2583 299 2637 Ad
319 2580 387 2636 haec
407 2580 455 2636 ille
474 2581 630 2648 respondit:
651 2579 868 2646 “Experimento
885 2577 971 2631 didici
987 2594 1032 2632 me
1048 2593 1167 2644 errasse3
1185 2577 1208 2631 si
1225 2594 1286 2632 sera

59 2661 225 2721 poenitentia
236 2664 307 2718 mihi
324 2663 450 2731 prodesse
470 2668 566 2732 posset,
586 2680 640 2717 non
660 2679 804 2717 renuerem
815 2660 949 2716 confiteri.
962 2684 975 2706 π
989 2658 1040 2714 Cui
1051 2677 1115 2713 cum
1126 2658 1173 2715 ille
1184 2659 1286 2716 diceret

61 2742 253 2801 poenitendam
273 2764 367 2802 reram
387 2766 528 2816 nunquam
548 2767 605 2803 esse
630 2765 728 2812 seram,
753 2748 862 2801 vocavit
880 2745 1056 2800 sacerdotem.
1082 2746 1224 2800 Confessus
1246 2749 1286 2800 est

60 2817 147 2910 bomo
161 2848 237 2885 suum
250 2848 381 2896 errorem,
394 2851 428 2888 ox
438 2838 496 2888 toto
508 2835 589 2888 corde
601 2834 657 2887 Deo
668 2831 835 2900 promittens,
845 2831 869 2884 si
881 2830 938 2885 vita
949 2829 1152 2892 concederetur,
1164 2828 1285 2882 satisfac·

61 2905 172 2968 tionem,
185 2914 222 2968 Ut
232 2919 325 2968 autem
346 2914 408 2983 pius
419 2916 552 2970 Dominus
562 2915 618 2969 vim
639 2915 792 2970 ostenderet
811 2911 996 2976 confessionis,
1013 2926 1076 2964 mox
1095 2913 1127 2963 ut
1146 2907 1286 2976 poenitens

60 2988 150 3070 {⁰01³st
161 2999 271 3063 peccata
282 3012 332 3051 sua
345 2997 479 3062 confiteri,
490 2998 580 3066 coepit
590 3003 618 3053 et
629 2998 688 3066 ipsa
699 2994 915 3052 combusturam
926 3010 1010 3047 manu
1028 2990 1181 3046 confitentis
1192 2991 1285 3058 paula·
1400 3046 1404 3054 ,

58 3063 108 3118 “¹¹³
123 3076 218 3134 minui.
233 3079 311 3143 Quae
327 3078 356 3133 in
373 3083 480 3134 tantum
492 3096 525 3134 co
536 3079 684 3147 aspiciente
695 3079 817 3133 decrevit
827 3078 857 3131 in
869 3081 1000 3144 quantum
1012 3072 1144 3127 consessio
1162 3071 1284 3140 profecit.

53 3137 206 3228 &edissere
223 3162 399 3217 confessionis
416 3168 535 3230 peracta,
549 3162 638 3216 media
656 3179 719 3229 pars
736 3161 834 3230 plagae
844 3165 885 3215 est
899 3162 1004 3213 sanata.
1018 3157 1056 3211 Ut
1072 3160 1163 3210 autem
1184 3157 1286 3209 contes-

50 3235 165 3298 ⁸¹⁰¹¹01n
176 3250 261 3300 totam
273 3244 427 3313 complevit,
440 3248 468 3299 et
485 3243 572 3297 virtus
588 3243 646 3310 ipsa
663 3241 838 3297 confessionis
848 3256 956 3295 omnem
968 3239 1169 3292 combusturam
1186 3240 1242 3290 tem
1257 3236 1287 3290 in

47 3294 152 3371 ³⁰¹⁰&
165 3340 247 3391 quam
258 3323 350 3378 colore
360 3323 461 3379 delevit
472 3327 500 3377 et
511 3339 608 3376 manus
619 3321 763 3391 pristinam
775 3320 920 3375 sanitatem
932 3320 1043 3388 recepit.

76 3381 213 3458 Vocatus
224 3407 265 3460 est
277 3405 321 3458 vir
331 3422 348 3459 a
360 3404 457 3474 judice
469 3406 505 3459 ad
517 3405 620 3473 ignem.
633 3405 676 3459 Ad
688 3419 769 3472 quem
780 3403 912 3457 clericus:
927 3424 939 3445 u
959 3402 1050 3465 Quare
1061 3417 1125 3455 eum
1136 3398 1254 3454 vocatur
1272 3423 1285 3446 n

37 3480 72 3499 ⁸
84 3488 107 3564 ᾖ
125 3478 176 3541 Ut
195 3487 299 3551 ardeat,
319 3511 332 3532 n
355 3487 455 3554 inquit,
480 3509 493 3530 u
511 3505 544 3541 eo
570 3487 643 3554 qrrod
665 3485 694 3540 in
716 3485 918 3540 examinatione
937 3486 1093 3538 combustus
1112 3481 1156 3537 sit.
1176 3506 1189 3528 π
1207 3481 1287 3536 Tunc

28 3538 178 3687 ἓοῗῦυε
188 3570 331 3625 ostendens
342 3586 455 3624 manum
466 3570 526 3625 eius
538 3569 710 3624 sanissimam
730 3568 859 3623 liberarit
875 3585 939 3623 eum
957 3585 974 3621 a
994 3566 1096 3635 poenis,
1109 3565 1206 3620 ceteris
1222 3565 1287 3634 igne

105 3651 218 3707 umus.

323 3717 466 3772 Caesarius
508 3735 561 3773 ven
597 3718 784 3781 Heisterbach‚
825 3716 963 3785 Dictoque
1000 3714 1218 3778 miraculorum,
1242 3714 1284 3768 ed.

356 3799 482 3869 strange,
496 3800 555 3854 deel
567 3799 588 3863 Ι,
600 3800 650 3854 bla.
665 3804 721 3854 132.
734 3829 767 3839 -
778 3799 843 3854 Men
860 3803 937 3863 west,
956 3799 1004 3853 dat
1022 3797 1155 3853 Caesarius
1174 3795 1204 3850 in
1223 3797 1286 3849 1222

354 3883 475 3950 schreef;
487 3883 600 3937 daarom
609 3882 707 3950 legdeu
717 3881 761 3952 νῇ
773 3882 843 3952 zijne
851 3881 1046 3950 tijdsbepaling
1057 3880 1136 3946 infra
1146 3876 1197 3932 too
1206 3880 1285 3946 quin·

357 3966 512 4033 quennium
524 3963 567 4018 uit
576 3962 613 4032 bij
628 3962 791 4017 middelvan
803 3962 952 4015 omstreeks
967 3960 1039 4014 1217.

641 4129 703 4203 70.

71 4282 214 4375 1219.
230 4294 437 4383 September.
454 4296 635 4363 Uittreksel
652 4297 700 4364 uit
716 4295 756 4361 de
768 4293 890 4362 belofte
905 4296 985 4362 door
1001 4296 1064 4361 den
1080 4294 1286 4362 Roomschen

9 4376 186 4550 ἱὲἲὶῐιε
200 4403 360 4522 Frederik
376 4405 407 4469 II
431 4404 534 4522 order
546 4404 625 4470 eede
641 4425 705 4470 aan
729 4425 810 4490 paus
823 4405 986 4471 Honorius
1003 4404 1049 4469 III
1065 4405 1190 4492 geduan
1207 4424 1287 4470 over

122 4514 292 4576 uitroeien
306 4507 365 4575 der
375 4507 523 4596 kettenJ.
