3188 5408
317 509 363 577 122
829 505 929 565 auno
949 508 1025 564 iasa

311 647 387 704 ribus
407 648 623 720 quibuscumque
641 666 675 707 ae
691 649 830 721 boneficiis
852 649 1027 706 eclesiasticis
1044 651 1072 706 et
1088 647 1205 720 publicis
1229 645 1341 714 officiis,
1364 645 1435 704 illos
1456 645 1544 711 etiam,

312 733 359 800 qui
370 732 570 789 haereticorum
587 737 630 790 vel
652 736 770 790 aliorum
791 736 991 804 praedictorum
1010 734 1174 798 interventu,
1193 732 1297 788 intuitu
1316 731 1362 788 vel
1373 732 1474 803 gratia
1485 731 1546 786 talia

311 820 374 870 sunt
385 817 474 884 adepti
487 820 530 872 vel
541 819 570 872 in
583 824 719 886 posterum
731 823 917 886 assequentur,
937 817 1063 885 privandi
1075 816 1230 886 hujusmodi
1239 814 1443 883 dignitatibus,
1464 831 1546 883 perse

312 898 428 963 natibus,
451 901 608 967 honoribus,
630 903 769 958 beneficiis
785 907 813 957 et
824 902 930 966 officiis,
949 902 1064 955 liberam
1076 899 1152 954 vobis
1170 899 1338 953 anctoritate
1358 897 1546 965 praesentium

310 981 483 1035 concedimus
500 988 667 1051 potestatem.
681 984 753 1039 Sane
772 984 905 1047 volumus,
919 988 950 1038 ut
967 983 1078 1037 nomina
1088 988 1145 1037 tam
1164 981 1356 1035 accusantium
1380 979 1546 1048 pravitatem

310 1064 475 1119 haereticam
487 1085 569 1134 quam
581 1068 786 1122 testificantium
806 1084 888 1135 super
910 1084 943 1121 aa
961 1067 1115 1120 nullatenus
1138 1065 1316 1134 publicentur.
1330 1066 1452 1131 propter
1474 1078 1545 1115 scan-

310 1147 402 1200 dalum
415 1150 457 1202 vel
468 1151 629 1217 periculum,
640 1153 711 1220 quod
723 1170 756 1205 ex
770 1150 952 1218 publicatione
961 1149 1117 1218 hujusmodi
1127 1148 1202 1215 sequi
1212 1150 1310 1215 posset,
1320 1150 1350 1200 et
1358 1145 1547 1199 adhibeantur

308 1228 388 1282 dietis
400 1230 555 1298 hujusmodi
567 1234 675 1287 testium
695 1233 889 1287 nichilominus
901 1233 981 1299 plena
998 1233 1079 1296 tides3
1093 1231 1165 1298 quod
1181 1229 1204 1282 si
1221 1229 1303 1281 simul
1322 1226 1359 1280 iis
1381 1244 1443 1280 non
1464 1227 1545 1280 inter·

310 1310 417 1364 fueritis
428 1315 601 1381 exequendis,
614 1333 685 1369 unus
694 1322 812 1369 vestrum
822 1332 855 1368 ea
868 1313 1061 1367 nichilominus
1069 1315 1226 1379 exequatur.

345 1392 443 1448 Datum
456 1396 592 1461 Laterani,
605 1398 655 1452 VII
668 1399 728 1451 idus
740 1396 843 1459 Martii,
857 1395 1030 1463 pontificatus
1042 1394 1127 1449 nostri
1138 1412 1210 1448 anno
1221 1391 1380 1446 undecimo.

571 1496 745 1564 Ripoll,decl
762 1496 784 1558 1,
797 1496 848 1548 blz.
861 1498 919 1557 241,
945 1505 976 1547 n⁰
998 1498 1055 1547 318.
1077 1492 1221 1558 (Potthast,
1244 1491 1304 1545 decl
1329 1489 1365 1553 11,
1390 1489 1446 1543 blz.
1473 1491 1544 1549 1256.

605 1589 635 1632 n⁰
656 1582 754 1642 15268).
766 1607 799 1616 -
811 1577 903 1645 Ripoll
923 1581 991 1644 zegt,
1010 1577 1057 1630 dat
1076 1576 1123 1629 het
1142 1572 1362 1642 oorspronkeliik
1374 1571 1446 1626 stuli
1459 1569 1490 1623 in
1502 1570 1547 1623 bct

604 1661 712 1714 archief
719 1662 769 1714 der
780 1659 1042 1727 prodikheerenorde
1051 1663 1078 1712 te
1088 1658 1175 1712 Rome
1184 1658 1290 1711 bornat:
1301 1677 1314 1699 u
1326 1655 1486 1709 Plumbnm
1496 1653 1547 1706 filis

605 1743 764 1796 cannabinis
775 1741 945 1810 appenditur.
961 1765 974 1786 n

880 1932 965 1999 128.

359 2125 464 2199 1254,
489 2124 609 2189 Μαανι
632 2123 689 2199 23,
717 2125 905 2190 Lateruen.
932 2124 992 2189 Bul
1016 2142 1081 2188 van
1103 2120 1315 2187 Innocentius
1337 2122 1388 2188 IV
1411 2121 1547 2208 gericht

309 2230 361 2294 tot
390 2229 430 2293 de
464 2227 675 2311 inquisiteurs
699 2226 756 2291 der
780 2225 1152 2304 minderbroedersorde,
1173 2224 1306 2311 waarbij
1325 2225 1370 2312 hij
1409 2227 1483 2292 hun
1505 2223 1547 2290 da

311 2330 477 2397 volmacht
492 2331 641 2396 verleent
658 2349 709 2394 om
727 2350 806 2393 eeue
830 2328 926 2395 reeks
951 2327 1144 2415 goestelijke
1161 2336 1304 2414 guaston
1321 2335 1375 2394 tce
1393 2333 1430 2395 te
1446 2331 1547 2394 staan

311 2454 374 2500 aaa
391 2434 551 2519 degeneri,
568 2433 618 2498 die
635 2431 759 2500 beloold
774 2432 900 2501 hebben
920 2453 1023 2500 aenea
1039 2431 1225 2498 kruistocht
1236 2439 1335 2517 legen
1351 2430 1394 2498 de
1412 2430 1548 2498 ketters

311 2541 345 2602 te
362 2538 458 2604 doen.

346 2705 520 2759 Innocentius
530 2705 679 2772 episcopus,
690 2724 783 2760 servus
803 2726 942 2762 sorvorum
955 2708 1013 2770 Dei,
1027 2707 1133 2762 dilectis
1149 2707 1213 2760 filiis
1232 2704 1363 2758 iratribus
1386 2704 1422 2758 de
1444 2704 1545 2758 ordine

313 2789 449 2843 minorum
467 2789 673 2856 inquisitoribus
690 2796 716 2845 et
739 2793 970 2858 praedicatoribus
990 2792 1088 2854 erucis,
1107 2809 1189 2859 super
1210 2787 1349 2844 haeretica
1365 2787 1507 2854 pravitate
1527 2802 1543 2839 a

312 2873 374 2926 sede
386 2872 532 2939 apostolica
542 2872 685 2939 deputatis,
696 2875 809 2927 salutem
822 2879 849 2928 et
860 2874 1034 2941 apostolicam
1049 2873 1272 2928 benedictionem.
1350 2895 1352 2899 ¹

344 2954 381 3009 Ut
399 2953 468 3007 nihil
486 2954 563 3007 nobis
579 2954 656 3017 desit,
670 2956 741 3021 quod
753 2957 787 3008 ad
805 2957 1041 3024 prosequutionem
1054 2955 1157 3023 negotii
1175 2959 1280 3008 vestrae
1298 2948 1541 3019 circumspectioni

310 3035 445 3089 commissi
458 3036 600 3103 pertineat,
614 3037 660 3089 scd
673 3037 739 3090 illud
750 3037 779 3091 in
791 3039 886 3092 vestris
896 3039 1029 3101 manibus,
1042 3044 1154 3091 auctore
1168 3034 1283 3090 Domino
1295 3050 1426 3102 prospere
1437 3031 1540 3101 diriga-

309 3123 362 3181 tur,
376 3118 531 3171 absolvendi
537 3120 618 3186 juxta
629 3120 744 3172 formam
756 3120 887 3173 eeclesiae
899 3138 991 3173 omnes
1009 3121 1056 3186 qui
1074 3125 1169 3174 <entra
1187 3117 1349 3186 pravitatem
1365 3114 1537 3170 haercticam

309 3200 502 3267 assumpserint
530 3199 638 3267 signum
656 3201 754 3265 erucis,
772 3203 807 3255 ab
824 3201 972 3265 interdicti,
996 3200 1179 3268 suspensionis
1198 3205 1224 3255 et
1244 3195 1537 3252 excommunicationis

309 3282 448 3337 sententiis
460 3282 611 3347 canonicis;
625 3287 652 3336 et
668 3283 846 3351 dispensionis
863 3302 925 3337 cnm
938 3284 1053 3346 clericis,
1067 3301 1148 3351 super
1159 3279 1422 3350 irregularitatibus,
1435 3279 1538 3347 siquas

311 3365 349 3418 sic
361 3364 439 3433 ligati
452 3364 613 3417 celebrando
625 3363 718 3417 divina
738 3364 828 3418 officia
845 3366 1044 3430 contraxerint3
1057 3371 1084 3419 et
1101 3361 1286 3418 commutandi
1306 3364 1371 3415 rota
1388 3360 1540 3414 eorundem

310 3447 560 3514 crucesignatorum
573 3444 684 3508 (Terrae
702 3445 817 3499 Sanctae
833 3450 896 3500 voto
906 3449 1043 3514 exceepto);
1057 3463 1160 3499 necnon
1180 3450 1208 3499 et
1228 3442 1394 3498 concedendi
1407 3443 1539 3510 praefatis

311 3526 507 3595 crucesignatis
529 3529 560 3579 ut
583 3526 638 3579 illis
657 3528 795 3594 gaudeant
812 3528 989 3596 indulgentiis
1011 3534 1038 3582 et
1063 3527 1222 3596 privilegiis,
1245 3542 1314 3594 quae
1340 3525 1540 3593 crucesignatis

313 3612 341 3664 in
354 3610 438 3677 ipsius
456 3609 557 3662 Terrae
578 3608 693 3661 Sanctae
710 3609 859 3662 subsidium
876 3618 939 3664 sunt
962 3627 1101 3674 eoncessa3
1118 3615 1144 3663 et
1168 3610 1240 3675 quod
1262 3613 1383 3674 tempore
1400 3608 1540 3675 generalis

312 3691 450 3747 interdicti
463 3690 565 3757 possint
577 3689 704 3743 interesse
716 3691 815 3743 divinis
827 3692 923 3744 officiis
939 3698 966 3745 et
984 3692 1104 3758 recipere
1122 3694 1292 3743 sacramenta
1307 3689 1497 3744 ecelesiastica
1513 3691 1541 3745 in

312 3776 387 3837 locis,
402 3775 431 3826 in
443 3773 541 3843 quibus
552 3773 645 3826 divina
662 3774 755 3826 eadem
773 3793 805 3827 cx
824 3775 929 3828 indulto
945 3776 1015 3827 sedis
1032 3775 1195 3841 apostolieae
1207 3772 1395 3837 celebrantur3
1413 3773 1542 3839 quodque

312 3857 363 3925 ipsi
376 3873 430 3910 non
439 3860 583 3910 teneaat-ur
593 3856 629 3909 ad
638 3856 836 3910 restitutionem
849 3857 1044 3923 acquisitorum
1058 3857 1163 3918 illicite,
1176 3856 1199 3908 si
1211 3854 1263 3908 boc
1275 3853 1382 3922 publice
1400 3854 1543 3921 proposito

311 3957 359 4007 per
376 3938 547 3991 dioecesanos
568 3939 609 3990 vol
630 3938 726 3991 saltem
748 3939 917 4005 presbyteros
936 3938 1103 4005 parochiales
1116 3939 1249 3999 locorum,
1262 3937 1291 3990 in
1303 3935 1403 4002 quibus
1415 3935 1544 3990 videritis

310 4020 446 4088 expedire,
460 4037 513 4074 uon
525 4020 701 4087 apparuerint
713 4020 810 4087 aliqui,
823 4023 922 4088 ‹pribus
939 4039 1033 4075 eorum
1060 4021 1198 4086 restitutio
1219 4021 1367 4085 debeatur3
1390 4020 1545 4074 dummodo

311 4103 372 4171 ipsi,
386 4107 471 4156 totum
484 4103 555 4167 quod
567 4102 600 4155 do
618 4102 711 4156 taliter
729 4103 830 4156 habitis
849 4104 992 4157 restituero
1010 4104 1108 4157 debent
1120 4103 1163 4156 vel
1180 4103 1253 4168 quod
1264 4104 1376 4169 possunt
1387 4103 1545 4166 secundum

311 4190 416 4238 vestrae
428 4183 597 4237 discretionis
609 4183 753 4237 arbitrium
766 4186 794 4237 in
807 4185 869 4237 fidei
886 4185 988 4252 nogotii
1007 4184 1222 4252 prosecutionem
1240 4186 1410 4247 convertant,
1421 4185 1545 4238 auctori·

313 4272 367 4320 tate
377 4264 453 4317 vobis
462 4265 644 4331 praesentium
656 4266 829 4318 ccvncmlimus
840 4267 1006 4321 facultatem.

346 4350 444 4402 Datum
458 4348 595 4409 Laterani,
607 4349 632 4401 K
645 4348 775 4401 kalendas
787 4349 897 4416 Aprilis,
912 4352 1085 4417 pontificatus
1094 4349 1179 4404 nostri
1191 4367 1263 4403 anno
1276 4345 1310 4401 II.

576 4447 733 4507 t'lierubiui,
742 4447 915 4593 fullariam,
925 4451 983 4503 decl
993 4450 1014 4512 l,
1026 4451 1061 4503 bl.
1073 4454 1127 4504 105.
1136 4449 1279 4514 (Potthast,
1288 4448 1348 4502 deal
1358 4447 1393 4513 11,
1403 4448 1457 4503 blz.
1470 4453 1547 4513 1258,

608 4541 639 4583 n⁰
653 4532 739 4582 15293.
