<?xml version="1.0" encoding="UTF-8"?>
<!DOCTYPE html PUBLIC "-//W3C//DTD XHTML 1.0 Transitional//EN"
    "http://www.w3.org/TR/xhtml1/DTD/xhtml1-transitional.dtd">
<html xmlns="http://www.w3.org/1999/xhtml" xml:lang="en" lang="en">
 <head>
  <title>
</title>
<meta http-equiv="Content-Type" content="text/html;charset=utf-8" />
  <meta name='ocr-system' content='tesseract 3.04.00' />
  <meta name='ocr-capabilities' content='ocr_page ocr_carea ocr_par ocr_line ocrx_word'/>
</head>
<body>
  <div class='ocr_page' id='page_1' title='image "./corpusdocumento04frgoog_0138.png"; bbox 0 0 3194 5408; ppageno 0'>
   <div class='ocr_carea' id='block_1_1' title="bbox 165 875 1420 1588">
    <p class='ocr_par' dir='ltr' id='par_1_1' title="bbox 244 875 1420 966">
     <span class='ocr_line' id='line_1_1' title="bbox 244 875 1420 966; baseline 0.008 -27"><span class='ocrx_word' id='word_1_1' title='bbox 244 875 343 955; x_wconf 81' lang='lat'><strong><em>1233,</em></strong></span> <span class='ocrx_word' id='word_1_2' title='bbox 363 875 544 946; x_wconf 80' lang='lat' dir='ltr'><strong>Februori</strong></span> <span class='ocrx_word' id='word_1_3' title='bbox 556 879 615 956; x_wconf 80' lang='lat'><strong>26,</strong></span> <span class='ocrx_word' id='word_1_4' title='bbox 635 879 788 966; x_wconf 79' lang='lat' dir='ltr'><strong>Anopni.</strong></span> <span class='ocrx_word' id='word_1_5' title='bbox 807 878 867 944; x_wconf 90' lang='lat' dir='ltr'><strong>Bul</strong></span> <span class='ocrx_word' id='word_1_6' title='bbox 888 898 952 944; x_wconf 89' lang='lat' dir='ltr'><strong>van</strong></span> <span class='ocrx_word' id='word_1_7' title='bbox 968 879 1145 965; x_wconf 79' lang='lat' dir='ltr'>Gregorius</span> <span class='ocrx_word' id='word_1_8' title='bbox 1161 879 1211 946; x_wconf 92' lang='lat' dir='ltr'><strong>IX</strong></span> <span class='ocrx_word' id='word_1_9' title='bbox 1226 879 1355 966; x_wconf 86' lang='lat' dir='ltr'><strong>gericht</strong></span> <span class='ocrx_word' id='word_1_10' title='bbox 1370 884 1420 948; x_wconf 88' lang='lat' dir='ltr'><strong>tot</strong></span> 
     </span>
    </p>

    <p class='ocr_par' dir='ltr' id='par_1_2' title="bbox 205 965 1420 1068">
     <span class='ocr_line' id='line_1_2' title="bbox 205 965 1420 1068; baseline 0.002 -20"><span class='ocrx_word' id='word_1_11' title='bbox 205 965 244 1039; x_wconf 67' lang='lat'><strong>&lt;10</strong></span> <span class='ocrx_word' id='word_1_12' title='bbox 262 980 562 1067; x_wconf 82' lang='lat' dir='ltr'><strong>asrtsbisschoppcn</strong></span> <span class='ocrx_word' id='word_1_13' title='bbox 587 974 628 1048; x_wconf 84' lang='lat' dir='ltr'><strong>en&#39;</strong></span> <span class='ocrx_word' id='word_1_14' title='bbox 653 981 868 1068; x_wconf 87' lang='lat' dir='ltr'><strong>bisschoppen</strong></span> <span class='ocrx_word' id='word_1_15' title='bbox 885 982 944 1049; x_wconf 90' lang='lat' dir='ltr'><strong>der</strong></span> <span class='ocrx_word' id='word_1_16' title='bbox 959 982 1112 1050; x_wconf 83' lang='lat' dir='ltr'><strong>Duitsche</strong></span> <span class='ocrx_word' id='word_1_17' title='bbox 1130 982 1249 1049; x_wconf 89' lang='lat' dir='ltr'><strong>landen</strong></span> <span class='ocrx_word' id='word_1_18' title='bbox 1266 1004 1345 1050; x_wconf 87' lang='lat' dir='ltr'><strong>over</strong></span> <span class='ocrx_word' id='word_1_19' title='bbox 1361 984 1420 1051; x_wconf 83' lang='lat' dir='ltr'><strong>het</strong></span> 
     </span>
    </p>

    <p class='ocr_par' dir='ltr' id='par_1_3' title="bbox 181 1076 1418 1172">
     <span class='ocr_line' id='line_1_3' title="bbox 181 1076 1418 1172; baseline 0.002 -22"><span class='ocrx_word' id='word_1_20' title='bbox 181 1130 184 1135; x_wconf 87' lang='lat'><em>-</em></span> <span class='ocrx_word' id='word_1_21' title='bbox 212 1076 329 1152; x_wconf 64' lang='lat' dir='ltr'><strong>straden</strong></span> <span class='ocrx_word' id='word_1_22' title='bbox 341 1084 400 1153; x_wconf 88' lang='lat' dir='ltr'><strong>der</strong></span> <span class='ocrx_word' id='word_1_23' title='bbox 415 1085 449 1151; x_wconf 93' lang='lat' dir='ltr'><strong>in</strong></span> <span class='ocrx_word' id='word_1_24' title='bbox 465 1085 573 1172; x_wconf 89' lang='lat' dir='ltr'><strong>schijn</strong></span> <span class='ocrx_word' id='word_1_25' title='bbox 589 1084 752 1153; x_wconf 85' lang='lat' dir='ltr'><strong>bekeerde</strong></span> <span class='ocrx_word' id='word_1_26' title='bbox 770 1087 906 1154; x_wconf 80' lang='lat' dir='ltr'><strong>letters.</strong></span> <span class='ocrx_word' id='word_1_27' title='bbox 931 1124 964 1134; x_wconf 88' lang='lat'><strong>·-</strong></span> <span class='ocrx_word' id='word_1_28' title='bbox 988 1086 1046 1153; x_wconf 91' lang='lat' dir='ltr'><strong>Uit</strong></span> <span class='ocrx_word' id='word_1_29' title='bbox 1061 1107 1155 1152; x_wconf 87' lang='lat' dir='ltr'><strong>vrecs</strong></span> <span class='ocrx_word' id='word_1_30' title='bbox 1172 1107 1252 1153; x_wconf 86' lang='lat' dir='ltr'><strong>voor</strong></span> <span class='ocrx_word' id='word_1_31' title='bbox 1268 1087 1307 1153; x_wconf 89' lang='lat' dir='ltr'><strong>de</strong></span> <span class='ocrx_word' id='word_1_32' title='bbox 1320 1087 1418 1153; x_wconf 91' lang='lat' dir='ltr'><strong>dood-</strong></span> 
     </span>
    </p>

    <p class='ocr_par' dir='ltr' id='par_1_4' title="bbox 165 1181 1417 1281">
     <span class='ocr_line' id='line_1_4' title="bbox 165 1181 1417 1281; baseline 0.004 -30"><span class='ocrx_word' id='word_1_33' title='bbox 165 1232 169 1281; x_wconf 39' lang='grc' dir='ltr'>ι</span> <span class='ocrx_word' id='word_1_34' title='bbox 219 1181 287 1252; x_wconf 69' lang='lat' dir='ltr'><strong>abir</strong></span> <span class='ocrx_word' id='word_1_35' title='bbox 302 1188 436 1256; x_wconf 83' lang='lat' dir='ltr'><strong>reinzcn</strong></span> <span class='ocrx_word' id='word_1_36' title='bbox 459 1190 532 1256; x_wconf 83' lang='lat' dir='ltr'><strong>veel</strong></span> <span class='ocrx_word' id='word_1_37' title='bbox 555 1190 681 1258; x_wconf 81' lang='lat' dir='ltr'><strong>letters</strong></span> <span class='ocrx_word' id='word_1_38' title='bbox 708 1190 742 1256; x_wconf 91' lang='lat' dir='ltr'><strong>iu</strong></span> <span class='ocrx_word' id='word_1_39' title='bbox 766 1190 819 1256; x_wconf 86' lang='lat' dir='ltr'><strong>die</strong></span> <span class='ocrx_word' id='word_1_40' title='bbox 842 1195 1023 1276; x_wconf 73' lang='lat' dir='ltr'><strong>genesim,</strong></span> <span class='ocrx_word' id='word_1_41' title='bbox 1037 1190 1100 1258; x_wconf 85' lang='lat' dir='ltr'><strong>dat</strong></span> <span class='ocrx_word' id='word_1_42' title='bbox 1123 1191 1163 1278; x_wconf 88' lang='lat' dir='ltr'><strong>zij</strong></span> <span class='ocrx_word' id='word_1_43' title='bbox 1187 1195 1239 1258; x_wconf 89' lang='lat' dir='ltr'><strong>tot</strong></span> <span class='ocrx_word' id='word_1_44' title='bbox 1263 1189 1302 1256; x_wconf 91' lang='lat' dir='ltr'><strong>de</strong></span> <span class='ocrx_word' id='word_1_45' title='bbox 1324 1191 1417 1258; x_wconf 86' lang='lat' dir='ltr'><strong>Kerk</strong></span> 
     </span>
    </p>

    <p class='ocr_par' dir='ltr' id='par_1_5' title="bbox 165 1278 1417 1381">
     <span class='ocr_line' id='line_1_5' title="bbox 165 1278 1417 1381; baseline 0.007 -28"><span class='ocrx_word' id='word_1_46' title='bbox 165 1310 169 1353; x_wconf 71' lang='lat' dir='ltr'><strong>r</strong></span> <span class='ocrx_word' id='word_1_47' title='bbox 222 1278 422 1377; x_wconf 73' lang='lat' dir='ltr'><strong>brugksersn</strong></span> <span class='ocrx_word' id='word_1_48' title='bbox 442 1312 534 1360; x_wconf 83' lang='lat' dir='ltr'><strong>msar</strong></span> <span class='ocrx_word' id='word_1_49' title='bbox 549 1291 672 1380; x_wconf 83' lang='lat' dir='ltr'><strong>blijren</strong></span> <span class='ocrx_word' id='word_1_50' title='bbox 688 1293 800 1361; x_wconf 84' lang='lat' dir='ltr'><strong>hunus</strong></span> <span class='ocrx_word' id='word_1_51' title='bbox 817 1293 968 1380; x_wconf 85' lang='lat' dir='ltr'><strong>dolingcn</strong></span> <span class='ocrx_word' id='word_1_52' title='bbox 987 1294 1020 1360; x_wconf 89' lang='lat' dir='ltr'><strong>in</strong></span> <span class='ocrx_word' id='word_1_53' title='bbox 1037 1293 1060 1362; x_wconf 89' lang='lat' dir='ltr'><strong>‘t</strong></span> <span class='ocrx_word' id='word_1_54' title='bbox 1076 1294 1204 1381; x_wconf 83' lang='lat' dir='ltr'><strong>gehcim</strong></span> <span class='ocrx_word' id='word_1_55' title='bbox 1221 1293 1417 1381; x_wconf 84' lang='lat' dir='ltr'><strong>aanhsngen</strong></span> 
     </span>
    </p>

    <p class='ocr_par' dir='ltr' id='par_1_6' title="bbox 165 1395 1417 1588">
     <span class='ocr_line' id='line_1_6' title="bbox 165 1395 1417 1484; baseline 0.007 -29"><span class='ocrx_word' id='word_1_56' title='bbox 165 1434 168 1457; x_wconf 49' lang='grc' dir='ltr'>ι</span> <span class='ocrx_word' id='word_1_57' title='bbox 227 1402 256 1456; x_wconf 72' lang='lat' dir='ltr'><strong>tu</strong></span> <span class='ocrx_word' id='word_1_58' title='bbox 271 1395 479 1482; x_wconf 83' lang='lat' dir='ltr'><strong>rerspreidsn.</strong></span> <span class='ocrx_word' id='word_1_59' title='bbox 507 1398 647 1465; x_wconf 85' lang='lat' dir='ltr'><strong>Dsarom</strong></span> <span class='ocrx_word' id='word_1_60' title='bbox 671 1398 698 1463; x_wconf 92' lang='lat' dir='ltr'><strong>is</strong></span> <span class='ocrx_word' id='word_1_61' title='bbox 722 1400 745 1466; x_wconf 81' lang='lat' dir='ltr'><strong>&#39;t</strong></span> <span class='ocrx_word' id='word_1_62' title='bbox 768 1396 899 1482; x_wconf 86' lang='lat' dir='ltr'><strong>nuodig,</strong></span> <span class='ocrx_word' id='word_1_63' title='bbox 923 1397 979 1465; x_wconf 85' lang='lat' dir='ltr'><strong>dat</strong></span> <span class='ocrx_word' id='word_1_64' title='bbox 1002 1397 1042 1464; x_wconf 85' lang='lat' dir='ltr'><strong>de</strong></span> <span class='ocrx_word' id='word_1_65' title='bbox 1064 1397 1297 1484; x_wconf 85' lang='lat' dir='ltr'><strong>kerkvoogdsn</strong></span> <span class='ocrx_word' id='word_1_66' title='bbox 1322 1398 1417 1465; x_wconf 87' lang='lat' dir='ltr'><strong>znlke</strong></span> 
     </span>
     <span class='ocr_line' id='line_1_7' title="bbox 224 1497 1206 1588; baseline 0.008 -27"><span class='ocrx_word' id='word_1_67' title='bbox 224 1497 390 1588; x_wconf 72' lang='lat' dir='ltr'><strong>gsvmlijle</strong></span> <span class='ocrx_word' id='word_1_68' title='bbox 406 1519 570 1586; x_wconf 85' lang='lat' dir='ltr'><strong>personcn</strong></span> <span class='ocrx_word' id='word_1_69' title='bbox 585 1501 780 1587; x_wconf 82' lang='lat' dir='ltr'><strong>levenslang</strong></span> <span class='ocrx_word' id='word_1_70' title='bbox 795 1501 829 1568; x_wconf 92' lang='lat' dir='ltr'><strong>in</strong></span> <span class='ocrx_word' id='word_1_71' title='bbox 845 1501 908 1569; x_wconf 90' lang='lat' dir='ltr'><strong>den</strong></span> <span class='ocrx_word' id='word_1_72' title='bbox 926 1501 1049 1569; x_wconf 84' lang='lat' dir='ltr'><strong>kerker</strong></span> <span class='ocrx_word' id='word_1_73' title='bbox 1065 1500 1206 1569; x_wconf 86' lang='lat' dir='ltr'>houden.</span> 
     </span>
    </p>
   </div>
   <div class='ocr_carea' id='block_1_2' title="bbox 165 1682 1417 2832">
    <p class='ocr_par' dir='ltr' id='par_1_7' title="bbox 165 1682 1417 2832">
     <span class='ocr_line' id='line_1_8' title="bbox 242 1682 1417 1758; baseline 0.003 -17"><span class='ocrx_word' id='word_1_74' title='bbox 242 1682 441 1756; x_wconf 81' lang='lat' dir='ltr'><strong>drchispisoopis</strong></span> <span class='ocrx_word' id='word_1_75' title='bbox 460 1691 488 1742; x_wconf 86' lang='lat' dir='ltr'><strong>et</strong></span> <span class='ocrx_word' id='word_1_76' title='bbox 506 1688 639 1757; x_wconf 86' lang='lat' dir='ltr'><strong>episcopis</strong></span> <span class='ocrx_word' id='word_1_77' title='bbox 659 1705 708 1758; x_wconf 88' lang='lat' dir='ltr'><strong>per</strong></span> <span class='ocrx_word' id='word_1_78' title='bbox 727 1689 899 1744; x_wconf 82' lang='lat' dir='ltr'><strong>Alarnsnism</strong></span> <span class='ocrx_word' id='word_1_79' title='bbox 919 1688 1081 1743; x_wconf 87' lang='lat' dir='ltr'><strong>constitutis.</strong></span> <span class='ocrx_word' id='word_1_80' title='bbox 1095 1688 1137 1742; x_wconf 85' lang='lat' dir='ltr'><strong>Ad</strong></span> <span class='ocrx_word' id='word_1_81' title='bbox 1157 1687 1302 1756; x_wconf 86' lang='lat' dir='ltr'><strong>capiendas</strong></span> <span class='ocrx_word' id='word_1_82' title='bbox 1321 1689 1417 1758; x_wconf 87' lang='lat' dir='ltr'><strong>vulpes</strong></span> 
     </span>
     <span class='ocr_line' id='line_1_9' title="bbox 217 1766 1414 1842; baseline 0.003 -18"><span class='ocrx_word' id='word_1_83' title='bbox 217 1766 327 1833; x_wconf 63' lang='lat' dir='ltr'><strong>mles,</strong></span> <span class='ocrx_word' id='word_1_84' title='bbox 347 1769 483 1826; x_wconf 86' lang='lat' dir='ltr'><strong>hereticos</strong></span> <span class='ocrx_word' id='word_1_85' title='bbox 502 1773 637 1839; x_wconf 80' lang='lat' dir='ltr'><strong>videficet,</strong></span> <span class='ocrx_word' id='word_1_86' title='bbox 662 1775 709 1842; x_wconf 92' lang='lat' dir='ltr'><strong>qui</strong></span> <span class='ocrx_word' id='word_1_87' title='bbox 732 1775 885 1829; x_wconf 90' lang='lat' dir='ltr'><strong>moliuntur</strong></span> <span class='ocrx_word' id='word_1_88' title='bbox 906 1775 936 1828; x_wconf 92' lang='lat' dir='ltr'><strong>in</strong></span> <span class='ocrx_word' id='word_1_89' title='bbox 958 1773 1081 1842; x_wconf 79' lang='lat' dir='ltr'><strong>partibus</strong></span> <span class='ocrx_word' id='word_1_90' title='bbox 1104 1772 1263 1828; x_wconf 80' lang='lat' dir='ltr'><strong>Alemaniae</strong></span> <span class='ocrx_word' id='word_1_91' title='bbox 1285 1775 1414 1828; x_wconf 79' lang='lat' dir='ltr'><strong>tortuosis</strong></span> 
     </span>
     <span class='ocr_line' id='line_1_10' title="bbox 214 1843 1415 1926; baseline 0.007 -23"><span class='ocrx_word' id='word_1_92' title='bbox 214 1843 355 1905; x_wconf 67' lang='lat' dir='ltr'><strong>amenum</strong></span> <span class='ocrx_word' id='word_1_93' title='bbox 376 1853 487 1910; x_wconf 80' lang='lat' dir='ltr'><strong>vineam</strong></span> <span class='ocrx_word' id='word_1_94' title='bbox 506 1857 616 1912; x_wconf 86' lang='lat' dir='ltr'><strong>Domini</strong></span> <span class='ocrx_word' id='word_1_95' title='bbox 636 1858 771 1923; x_wconf 89' lang='lat' dir='ltr'><strong>demoliri,</strong></span> <span class='ocrx_word' id='word_1_96' title='bbox 796 1862 823 1913; x_wconf 88' lang='lat' dir='ltr'><strong>et</strong></span> <span class='ocrx_word' id='word_1_97' title='bbox 842 1860 950 1926; x_wconf 90' lang='lat' dir='ltr'><strong>penitus</strong></span> <span class='ocrx_word' id='word_1_98' title='bbox 972 1856 1152 1911; x_wconf 86' lang='lat' dir='ltr'><strong>eliminandos</strong></span> <span class='ocrx_word' id='word_1_99' title='bbox 1168 1857 1203 1910; x_wconf 88' lang='lat' dir='ltr'><strong>ab</strong></span> <span class='ocrx_word' id='word_1_100' title='bbox 1222 1856 1282 1924; x_wconf 90' lang='lat' dir='ltr'><strong>ipsa</strong></span> <span class='ocrx_word' id='word_1_101' title='bbox 1298 1858 1415 1925; x_wconf 88' lang='lat' dir='ltr'><strong>suscepti</strong></span> 
     </span>
     <span class='ocr_line' id='line_1_11' title="bbox 209 1934 1414 2011; baseline 0.003 -22"><span class='ocrx_word' id='word_1_102' title='bbox 209 1934 407 2011; x_wconf 53' lang='lat' dir='ltr'><strong>brercpminis</strong></span> <span class='ocrx_word' id='word_1_103' title='bbox 423 1953 474 1991; x_wconf 89' lang='lat' dir='ltr'><strong>nos</strong></span> <span class='ocrx_word' id='word_1_104' title='bbox 491 1938 626 1994; x_wconf 77' lang='lat' dir='ltr'><strong>hortatur.</strong></span> <span class='ocrx_word' id='word_1_105' title='bbox 640 1942 682 1995; x_wconf 77' lang='lat' dir='ltr'><strong>Ad</strong></span> <span class='ocrx_word' id='word_1_106' title='bbox 700 1945 820 1995; x_wconf 85' lang='lat' dir='ltr'><strong>nostram</strong></span> <span class='ocrx_word' id='word_1_107' title='bbox 836 1940 970 2008; x_wconf 86' lang='lat' dir='ltr'>siquidem</span> <span class='ocrx_word' id='word_1_108' title='bbox 991 1939 1158 1994; x_wconf 85' lang='lat' dir='ltr'><strong>audientiam</strong></span> <span class='ocrx_word' id='word_1_109' title='bbox 1176 1938 1306 1993; x_wconf 80' lang='lat' dir='ltr'><strong>noveritis</strong></span> <span class='ocrx_word' id='word_1_110' title='bbox 1322 1956 1414 2006; x_wconf 87' lang='lat' dir='ltr'><strong>perve-</strong></span> 
     </span>
     <span class='ocr_line' id='line_1_12' title="bbox 203 2014 1414 2094; baseline -0.002 -18"><span class='ocrx_word' id='word_1_111' title='bbox 203 2014 275 2076; x_wconf 56' lang='lat' dir='ltr'><strong>lm»</strong></span> <span class='ocrx_word' id='word_1_112' title='bbox 295 2019 357 2084; x_wconf 75' lang='lat' dir='ltr'><strong>quod</strong></span> <span class='ocrx_word' id='word_1_113' title='bbox 369 2019 480 2087; x_wconf 84' lang='lat' dir='ltr'><strong>quidam</strong></span> <span class='ocrx_word' id='word_1_114' title='bbox 492 2021 606 2077; x_wconf 83' lang='lat' dir='ltr'><strong>heretici</strong></span> <span class='ocrx_word' id='word_1_115' title='bbox 624 2025 653 2076; x_wconf 95' lang='lat' dir='ltr'><strong>in</strong></span> <span class='ocrx_word' id='word_1_116' title='bbox 670 2023 767 2077; x_wconf 79' lang='lat' dir='ltr'><strong>vestris</strong></span> <span class='ocrx_word' id='word_1_117' title='bbox 783 2022 935 2077; x_wconf 84' lang='lat' dir='ltr'><strong>diocesibus</strong></span> <span class='ocrx_word' id='word_1_118' title='bbox 952 2021 1093 2094; x_wconf 84' lang='lat' dir='ltr'><strong>constituti</strong></span> <span class='ocrx_word' id='word_1_119' title='bbox 1108 2026 1182 2075; x_wconf 86' lang='lat' dir='ltr'><strong>metu</strong></span> <span class='ocrx_word' id='word_1_120' title='bbox 1194 2020 1290 2075; x_wconf 87' lang='lat' dir='ltr'><strong>mortis</strong></span> <span class='ocrx_word' id='word_1_121' title='bbox 1300 2021 1368 2074; x_wconf 83' lang='lat' dir='ltr'><strong>falso</strong></span> <span class='ocrx_word' id='word_1_122' title='bbox 1379 2019 1414 2073; x_wconf 87' lang='lat' dir='ltr'><strong>ad</strong></span> 
     </span>
     <span class='ocr_line' id='line_1_13' title="bbox 198 2089 1414 2172; baseline 0.002 -18"><span class='ocrx_word' id='word_1_123' title='bbox 198 2089 348 2157; x_wconf 59' lang='lat' dir='ltr'><strong>“thelim</strong></span> <span class='ocrx_word' id='word_1_124' title='bbox 367 2105 512 2160; x_wconf 74' lang='lat' dir='ltr'><strong>ecclesiam</strong></span> <span class='ocrx_word' id='word_1_125' title='bbox 533 2109 699 2160; x_wconf 80' lang='lat' dir='ltr'><strong>revertentes</strong></span> <span class='ocrx_word' id='word_1_126' title='bbox 719 2122 825 2159; x_wconf 82' lang='lat' dir='ltr'><strong>necnon</strong></span> <span class='ocrx_word' id='word_1_127' title='bbox 847 2108 875 2159; x_wconf 89' lang='lat' dir='ltr'><strong>et</strong></span> <span class='ocrx_word' id='word_1_128' title='bbox 897 2105 988 2172; x_wconf 77' lang='lat' dir='ltr'><strong>plures</strong></span> <span class='ocrx_word' id='word_1_129' title='bbox 1010 2104 1059 2158; x_wconf 90' lang='lat' dir='ltr'><strong>alii</strong></span> <span class='ocrx_word' id='word_1_130' title='bbox 1081 2105 1115 2159; x_wconf 88' lang='lat' dir='ltr'><strong>de</strong></span> <span class='ocrx_word' id='word_1_131' title='bbox 1136 2103 1258 2158; x_wconf 86' lang='lat' dir='ltr'><strong>heretica</strong></span> <span class='ocrx_word' id='word_1_132' title='bbox 1280 2102 1414 2171; x_wconf 85' lang='lat' dir='ltr'><strong>pravitate</strong></span> 
     </span>
     <span class='ocr_line' id='line_1_14' title="bbox 192 2175 1411 2258; baseline 0 -20"><span class='ocrx_word' id='word_1_133' title='bbox 192 2175 316 2248; x_wconf 73' lang='lat' dir='ltr'><strong>⁰⁰¹¹Vieh&#39;,</strong></span> <span class='ocrx_word' id='word_1_134' title='bbox 326 2185 360 2240; x_wconf 83' lang='lat' dir='ltr'><strong>ad</strong></span> <span class='ocrx_word' id='word_1_135' title='bbox 376 2203 498 2242; x_wconf 83' lang='lat' dir='ltr'><strong>errorem</strong></span> <span class='ocrx_word' id='word_1_136' title='bbox 510 2187 652 2256; x_wconf 86' lang='lat' dir='ltr'><strong>pravitatis</strong></span> <span class='ocrx_word' id='word_1_137' title='bbox 663 2189 792 2258; x_wconf 70' lang='lat' dir='ltr'><strong>ejusdem,</strong></span> <span class='ocrx_word' id='word_1_138' title='bbox 807 2204 887 2255; x_wconf 87' lang='lat' dir='ltr'><strong>quem</strong></span> <span class='ocrx_word' id='word_1_139' title='bbox 899 2204 916 2240; x_wconf 85' lang='lat' dir='ltr'><strong>a</strong></span> <span class='ocrx_word' id='word_1_140' title='bbox 928 2204 956 2240; x_wconf 84' lang='lat' dir='ltr'><strong>ss</strong></span> <span class='ocrx_word' id='word_1_141' title='bbox 973 2186 1111 2240; x_wconf 80' lang='lat' dir='ltr'><strong>abdicasse</strong></span> <span class='ocrx_word' id='word_1_142' title='bbox 1123 2186 1230 2254; x_wconf 89' lang='lat' dir='ltr'><strong>ponitus</strong></span> <span class='ocrx_word' id='word_1_143' title='bbox 1241 2185 1411 2248; x_wconf 83' lang='lat' dir='ltr'><strong>videbantur,</strong></span> 
     </span>
     <span class='ocr_line' id='line_1_15' title="bbox 187 2252 1413 2338; baseline -0.002 -14"><span class='ocrx_word' id='word_1_144' title='bbox 187 2252 218 2301; x_wconf 54' lang='grc' dir='ltr'><strong>υ*</strong></span> <span class='ocrx_word' id='word_1_145' title='bbox 232 2266 346 2324; x_wconf 65' lang='lat' dir='ltr'><strong>fflrius</strong></span> <span class='ocrx_word' id='word_1_146' title='bbox 365 2269 489 2325; x_wconf 79' lang='lat' dir='ltr'><strong>scindere</strong></span> <span class='ocrx_word' id='word_1_147' title='bbox 500 2271 609 2325; x_wconf 83' lang='lat' dir='ltr'><strong>valcant</strong></span> <span class='ocrx_word' id='word_1_148' title='bbox 626 2271 788 2324; x_wconf 73' lang='lat' dir='ltr'><strong>catholicam</strong></span> <span class='ocrx_word' id='word_1_149' title='bbox 807 2269 949 2332; x_wconf 86' lang='lat' dir='ltr'><strong>unitatem,</strong></span> <span class='ocrx_word' id='word_1_150' title='bbox 962 2269 1052 2338; x_wconf 87' lang='lat' dir='ltr'><strong>sepius</strong></span> <span class='ocrx_word' id='word_1_151' title='bbox 1067 2272 1250 2324; x_wconf 86' lang='lat' dir='ltr'><strong>revertuntur.</strong></span> <span class='ocrx_word' id='word_1_152' title='bbox 1264 2269 1305 2322; x_wconf 87' lang='lat' dir='ltr'><strong>Ne</strong></span> <span class='ocrx_word' id='word_1_153' title='bbox 1326 2267 1413 2336; x_wconf 80' lang='lat' dir='ltr'><strong>igitur</strong></span> 
     </span>
     <span class='ocr_line' id='line_1_16' title="bbox 180 2337 1412 2420; baseline 0 -17"><span class='ocrx_word' id='word_1_154' title='bbox 180 2337 232 2390; x_wconf 59' lang='grc' dir='ltr'><strong>Μ’</strong></span> <span class='ocrx_word' id='word_1_155' title='bbox 253 2344 322 2404; x_wconf 69' lang='lat' dir='ltr'><strong>tales</strong></span> <span class='ocrx_word' id='word_1_156' title='bbox 340 2352 391 2405; x_wconf 88' lang='lat' dir='ltr'><strong>sub</strong></span> <span class='ocrx_word' id='word_1_157' title='bbox 413 2353 482 2408; x_wconf 81' lang='lat' dir='ltr'><strong>salse</strong></span> <span class='ocrx_word' id='word_1_158' title='bbox 501 2353 686 2408; x_wconf 71' lang='lat' dir='ltr'><strong>conversionis</strong></span> <span class='ocrx_word' id='word_1_159' title='bbox 708 2351 797 2420; x_wconf 85' lang='lat' dir='ltr'><strong>specie</strong></span> <span class='ocrx_word' id='word_1_160' title='bbox 817 2352 952 2406; x_wconf 82' lang='lat' dir='ltr'><strong>catholico</strong></span> <span class='ocrx_word' id='word_1_161' title='bbox 968 2351 1032 2406; x_wconf 88' lang='lat' dir='ltr'><strong>fidei</strong></span> <span class='ocrx_word' id='word_1_162' title='bbox 1052 2353 1215 2419; x_wconf 76' lang='lat' dir='ltr'><strong>professores</strong></span> <span class='ocrx_word' id='word_1_163' title='bbox 1234 2349 1412 2418; x_wconf 86' lang='lat' dir='ltr'><strong>perniciosius</strong></span> 
     </span>
     <span class='ocr_line' id='line_1_17' title="bbox 175 2422 1412 2504; baseline 0.001 -18"><span class='ocrx_word' id='word_1_164' title='bbox 175 2422 325 2502; x_wconf 69' lang='lat' dir='ltr'><strong>⁰⁰¹³&#39;01npi</strong></span> <span class='ocrx_word' id='word_1_165' title='bbox 345 2435 497 2504; x_wconf 83' lang='lat' dir='ltr'><strong>contingat,</strong></span> <span class='ocrx_word' id='word_1_166' title='bbox 519 2437 688 2499; x_wconf 86' lang='lat' dir='ltr'><strong>mandamns,</strong></span> <span class='ocrx_word' id='word_1_167' title='bbox 709 2433 838 2502; x_wconf 85' lang='lat' dir='ltr'><strong>quatinus</strong></span> <span class='ocrx_word' id='word_1_168' title='bbox 854 2433 1012 2502; x_wconf 87' lang='lat' dir='ltr'><strong>hujusmodi</strong></span> <span class='ocrx_word' id='word_1_169' title='bbox 1033 2433 1196 2501; x_wconf 78' lang='lat' dir='ltr'><strong>pestilentes,</strong></span> <span class='ocrx_word' id='word_1_170' title='bbox 1220 2435 1362 2500; x_wconf 85' lang='lat' dir='ltr'><strong>postquam</strong></span> <span class='ocrx_word' id='word_1_171' title='bbox 1378 2433 1412 2487; x_wconf 85' lang='lat' dir='ltr'><strong>de</strong></span> 
     </span>
     <span class='ocr_line' id='line_1_18' title="bbox 169 2501 1409 2586; baseline 0 -18"><span class='ocrx_word' id='word_1_172' title='bbox 169 2501 320 2570; x_wconf 61' lang='lat' dir='ltr'><strong>¹⁸¹²*in</strong></span> <span class='ocrx_word' id='word_1_173' title='bbox 328 2515 432 2572; x_wconf 85' lang='lat' dir='ltr'><strong>fuerint</strong></span> <span class='ocrx_word' id='word_1_174' title='bbox 442 2520 502 2586; x_wconf 84' lang='lat' dir='ltr'><strong>jam</strong></span> <span class='ocrx_word' id='word_1_175' title='bbox 516 2517 590 2572; x_wconf 89' lang='lat' dir='ltr'><strong>dicta</strong></span> <span class='ocrx_word' id='word_1_176' title='bbox 602 2516 730 2579; x_wconf 85' lang='lat' dir='ltr'><strong>convicti,</strong></span> <span class='ocrx_word' id='word_1_177' title='bbox 738 2517 762 2570; x_wconf 90' lang='lat' dir='ltr'><strong>si</strong></span> <span class='ocrx_word' id='word_1_178' title='bbox 773 2516 855 2570; x_wconf 85' lang='lat' dir='ltr'><strong>aliter</strong></span> <span class='ocrx_word' id='word_1_179' title='bbox 865 2516 954 2585; x_wconf 88' lang='lat' dir='ltr'><strong>puniti</strong></span> <span class='ocrx_word' id='word_1_180' title='bbox 967 2532 1021 2570; x_wconf 90' lang='lat' dir='ltr'><strong>non</strong></span> <span class='ocrx_word' id='word_1_181' title='bbox 1032 2515 1197 2578; x_wconf 74' lang='lat' dir='ltr'><strong>fuerinteos·</strong></span> <span class='ocrx_word' id='word_1_182' title='bbox 1208 2514 1267 2570; x_wconf 87' lang='lat' dir='ltr'><strong>ita.</strong></span> <span class='ocrx_word' id='word_1_183' title='bbox 1288 2555 1294 2569; x_wconf 94' lang='lat'><strong><em>.</em></strong></span> <span class='ocrx_word' id='word_1_184' title='bbox 1315 2556 1321 2568; x_wconf 93' lang='lat'><strong>.</strong></span> <span class='ocrx_word' id='word_1_185' title='bbox 1341 2555 1348 2568; x_wconf 88' lang='lat'><strong>.</strong></span> <span class='ocrx_word' id='word_1_186' title='bbox 1366 2516 1409 2581; x_wconf 91' lang='grc'>(1),</span> 
     </span>
     <span class='ocr_line' id='line_1_19' title="bbox 165 2582 1409 2665; baseline -0.001 -14"><span class='ocrx_word' id='word_1_187' title='bbox 165 2582 251 2639; x_wconf 56' lang='grc' dir='ltr'><strong>ΨΜ</strong></span> <span class='ocrx_word' id='word_1_188' title='bbox 266 2596 382 2662; x_wconf 84' lang='lat' dir='ltr'><strong>quilibet</strong></span> <span class='ocrx_word' id='word_1_189' title='bbox 391 2603 512 2654; x_wconf 84' lang='lat' dir='ltr'><strong>vestrum</strong></span> <span class='ocrx_word' id='word_1_190' title='bbox 522 2597 553 2652; x_wconf 90' lang='lat' dir='ltr'><strong>in</strong></span> <span class='ocrx_word' id='word_1_191' title='bbox 564 2616 613 2653; x_wconf 89' lang='lat' dir='ltr'><strong>sus</strong></span> <span class='ocrx_word' id='word_1_192' title='bbox 624 2598 735 2663; x_wconf 74' lang='lat' dir='ltr'><strong>diocesi,</strong></span> <span class='ocrx_word' id='word_1_193' title='bbox 748 2602 780 2652; x_wconf 89' lang='lat' dir='ltr'><strong>ut</strong></span> <span class='ocrx_word' id='word_1_194' title='bbox 791 2597 857 2665; x_wconf 92' lang='lat' dir='ltr'><strong>ipsis</strong></span> <span class='ocrx_word' id='word_1_195' title='bbox 868 2597 913 2652; x_wconf 89' lang='lat' dir='ltr'><strong>det</strong></span> <span class='ocrx_word' id='word_1_196' title='bbox 924 2596 1032 2651; x_wconf 76' lang='lat' dir='ltr'><strong>vexatio</strong></span> <span class='ocrx_word' id='word_1_197' title='bbox 1047 2595 1225 2660; x_wconf 86' lang='lat' dir='ltr'><strong>intellectum,</strong></span> <span class='ocrx_word' id='word_1_198' title='bbox 1239 2595 1268 2649; x_wconf 91' lang='lat' dir='ltr'><strong>in</strong></span> <span class='ocrx_word' id='word_1_199' title='bbox 1279 2597 1409 2664; x_wconf 86' lang='lat' dir='ltr'><strong>perpetuo</strong></span> 
     </span>
     <span class='ocr_line' id='line_1_20' title="bbox 165 2662 458 2734; baseline 0.014 -4"><span class='ocrx_word' id='word_1_200' title='bbox 165 2662 297 2730; x_wconf 53' lang='lat' dir='ltr'><strong>Qus</strong></span> <span class='ocrx_word' id='word_1_201' title='bbox 305 2679 458 2734; x_wconf 69' lang='lat' dir='ltr'><strong>intrudatis.</strong></span> 
     </span>
     <span class='ocr_line' id='line_1_21' title="bbox 189 2735 917 2832; baseline 0.001 -18"><span class='ocrx_word' id='word_1_202' title='bbox 189 2735 291 2814; x_wconf 60' lang='lat'><strong>⁰⁸2³</strong></span> <span class='ocrx_word' id='word_1_203' title='bbox 299 2763 431 2832; x_wconf 76' lang='lat' dir='ltr'><strong>Anagnia,</strong></span> <span class='ocrx_word' id='word_1_204' title='bbox 441 2763 480 2818; x_wconf 90' lang='lat' dir='ltr'><strong>1v</strong></span> <span class='ocrx_word' id='word_1_205' title='bbox 491 2763 621 2818; x_wconf 82' lang='lat' dir='ltr'><strong>kalendas</strong></span> <span class='ocrx_word' id='word_1_206' title='bbox 632 2761 737 2826; x_wconf 84' lang='lat' dir='ltr'><strong>Martii,</strong></span> <span class='ocrx_word' id='word_1_207' title='bbox 750 2779 822 2816; x_wconf 90' lang='lat' dir='ltr'><strong>anno</strong></span> <span class='ocrx_word' id='word_1_208' title='bbox 833 2765 917 2816; x_wconf 84' lang='lat' dir='ltr'><strong>sexto.</strong></span> 
     </span>
    </p>
   </div>
   <div class='ocr_carea' id='block_1_3' title="bbox 442 2875 1407 3025">
    <p class='ocr_par' dir='ltr' id='par_1_8' title="bbox 442 2875 1407 3025">
     <span class='ocr_line' id='line_1_22' title="bbox 442 2875 1407 2944; baseline -0.003 -12"><span class='ocrx_word' id='word_1_209' title='bbox 442 2877 530 2942; x_wconf 76' lang='lat' dir='ltr'><strong>Perta,</strong></span> <span class='ocrx_word' id='word_1_210' title='bbox 553 2879 745 2940; x_wconf 77' lang='lat' dir='ltr'><strong>Monumenta,</strong></span> <span class='ocrx_word' id='word_1_211' title='bbox 765 2875 908 2944; x_wconf 81' lang='lat' dir='ltr'><strong>Epistolae</strong></span> <span class='ocrx_word' id='word_1_212' title='bbox 934 2876 1040 2929; x_wconf 83' lang='lat' dir='ltr'><strong>saeculi</strong></span> <span class='ocrx_word' id='word_1_213' title='bbox 1063 2876 1143 2941; x_wconf 83' lang='lat' dir='ltr'><em>XIII,</em></span> <span class='ocrx_word' id='word_1_214' title='bbox 1164 2876 1224 2930; x_wconf 83' lang='lat' dir='ltr'><strong>dael</strong></span> <span class='ocrx_word' id='word_1_215' title='bbox 1235 2875 1258 2940; x_wconf 89' lang='lat'><strong>1,</strong></span> <span class='ocrx_word' id='word_1_216' title='bbox 1276 2875 1327 2929; x_wconf 85' lang='lat' dir='ltr'><strong>blz.</strong></span> <span class='ocrx_word' id='word_1_217' title='bbox 1349 2877 1407 2939; x_wconf 78' lang='lat'><strong>413,</strong></span> 
     </span>
     <span class='ocr_line' id='line_1_23' title="bbox 473 2957 1034 3025; baseline -0.002 -13"><span class='ocrx_word' id='word_1_218' title='bbox 473 2969 503 3012; x_wconf 73' lang='lat' dir='ltr'><strong>nr</strong></span> <span class='ocrx_word' id='word_1_219' title='bbox 514 2962 573 3014; x_wconf 77' lang='lat'><strong>514.</strong></span> <span class='ocrx_word' id='word_1_220' title='bbox 586 2960 660 3023; x_wconf 87' lang='lat' dir='ltr'><strong>(Nict</strong></span> <span class='ocrx_word' id='word_1_221' title='bbox 672 2960 709 3024; x_wconf 78' lang='lat' dir='ltr'><strong>bij</strong></span> <span class='ocrx_word' id='word_1_222' title='bbox 723 2957 849 3011; x_wconf 88' lang='lat' dir='ltr'><strong>Potthast</strong></span> <span class='ocrx_word' id='word_1_223' title='bbox 860 2959 1034 3025; x_wconf 85' lang='lat' dir='ltr'><strong>opgegeven).</strong></span> 
     </span>
    </p>
   </div>
   <div class='ocr_carea' id='block_1_4' title="bbox 760 3165 826 3233">
    <p class='ocr_par' dir='ltr' id='par_1_9' title="bbox 760 3165 826 3233">
     <span class='ocr_line' id='line_1_24' title="bbox 760 3165 826 3233; baseline 0.015 -1"><span class='ocrx_word' id='word_1_224' title='bbox 760 3165 826 3233; x_wconf 84' lang='grc'><strong>89.</strong></span> 
     </span>
    </p>
   </div>
   <div class='ocr_carea' id='block_1_5' title="bbox 176 3333 1405 4063">
    <p class='ocr_par' dir='ltr' id='par_1_10' title="bbox 176 3333 1405 3853">
     <span class='ocr_line' id='line_1_25' title="bbox 212 3333 1405 3442; baseline 0.007 -27"><span class='ocrx_word' id='word_1_225' title='bbox 212 3333 328 3426; x_wconf 69' lang='grc'><em>1233,</em></span> <span class='ocrx_word' id='word_1_226' title='bbox 348 3351 451 3437; x_wconf 68' lang='lat' dir='ltr'><strong>April</strong></span> <span class='ocrx_word' id='word_1_227' title='bbox 468 3353 525 3427; x_wconf 83' lang='lat'><strong>13,</strong></span> <span class='ocrx_word' id='word_1_228' title='bbox 546 3356 734 3421; x_wconf 69' lang='lat' dir='ltr'><strong>Laterum.</strong></span> <span class='ocrx_word' id='word_1_229' title='bbox 754 3354 815 3421; x_wconf 90' lang='lat' dir='ltr'><strong>Bul</strong></span> <span class='ocrx_word' id='word_1_230' title='bbox 839 3376 904 3421; x_wconf 88' lang='lat' dir='ltr'><strong>van</strong></span> <span class='ocrx_word' id='word_1_231' title='bbox 927 3356 1106 3442; x_wconf 85' lang='lat' dir='ltr'><strong>Gregorius</strong></span> <span class='ocrx_word' id='word_1_232' title='bbox 1130 3356 1179 3421; x_wconf 89' lang='lat' dir='ltr'><strong>IX</strong></span> <span class='ocrx_word' id='word_1_233' title='bbox 1203 3355 1332 3441; x_wconf 87' lang='lat' dir='ltr'><strong>gericht</strong></span> <span class='ocrx_word' id='word_1_234' title='bbox 1355 3360 1405 3423; x_wconf 87' lang='lat' dir='ltr'><strong>tot</strong></span> 
     </span>
     <span class='ocr_line' id='line_1_26' title="bbox 188 3445 1403 3546; baseline 0.007 -30"><span class='ocrx_word' id='word_1_235' title='bbox 188 3445 550 3546; x_wconf 59' lang='lat' dir='ltr'><strong>{antichisschoppen</strong></span> <span class='ocrx_word' id='word_1_236' title='bbox 569 3454 786 3544; x_wconf 90' lang='lat' dir='ltr'><strong>hisschoppen</strong></span> <span class='ocrx_word' id='word_1_237' title='bbox 804 3480 843 3524; x_wconf 88' lang='lat' dir='ltr'><strong>en</strong></span> <span class='ocrx_word' id='word_1_238' title='bbox 857 3460 1090 3546; x_wconf 88' lang='lat' dir='ltr'><strong>kerkprelateu</strong></span> <span class='ocrx_word' id='word_1_239' title='bbox 1110 3479 1172 3525; x_wconf 81' lang='lat' dir='ltr'><strong>van</strong></span> <span class='ocrx_word' id='word_1_240' title='bbox 1190 3459 1248 3525; x_wconf 90' lang='lat' dir='ltr'><strong>het</strong></span> <span class='ocrx_word' id='word_1_241' title='bbox 1263 3458 1403 3525; x_wconf 88' lang='lat' dir='ltr'><strong>konink·</strong></span> 
     </span>
     <span class='ocr_line' id='line_1_27' title="bbox 176 3534 1401 3650; baseline 0.007 -31"><span class='ocrx_word' id='word_1_242' title='bbox 176 3534 244 3619; x_wconf 63' lang='lat' dir='ltr'><strong>fllk</strong></span> <span class='ocrx_word' id='word_1_243' title='bbox 256 3547 432 3645; x_wconf 84' lang='lat' dir='ltr'><strong>Frankrijk</strong></span> <span class='ocrx_word' id='word_1_244' title='bbox 448 3579 487 3625; x_wconf 89' lang='lat' dir='ltr'><strong>cn</strong></span> <span class='ocrx_word' id='word_1_245' title='bbox 504 3560 711 3646; x_wconf 84' lang='lat' dir='ltr'><strong>omliggende</strong></span> <span class='ocrx_word' id='word_1_246' title='bbox 728 3569 909 3647; x_wconf 85' lang='lat' dir='ltr'><strong>gewesten,</strong></span> <span class='ocrx_word' id='word_1_247' title='bbox 930 3585 991 3631; x_wconf 90' lang='lat' dir='ltr'><strong>aan</strong></span> <span class='ocrx_word' id='word_1_248' title='bbox 1009 3564 1073 3629; x_wconf 86' lang='lat' dir='ltr'><strong>wie</strong></span> <span class='ocrx_word' id='word_1_249' title='bbox 1090 3561 1133 3650; x_wconf 89' lang='lat' dir='ltr'><strong>hij</strong></span> <span class='ocrx_word' id='word_1_250' title='bbox 1152 3562 1264 3641; x_wconf 82' lang='lat' dir='ltr'><strong>meldi,</strong></span> <span class='ocrx_word' id='word_1_251' title='bbox 1283 3562 1341 3629; x_wconf 88' lang='lat' dir='ltr'><strong>dat</strong></span> <span class='ocrx_word' id='word_1_252' title='bbox 1355 3563 1401 3650; x_wconf 92' lang='lat' dir='ltr'><strong>hij</strong></span> 
     </span>
     <span class='ocr_line' id='line_1_28' title="bbox 187 3629 1400 3753; baseline 0.009 -34"><span class='ocrx_word' id='word_1_253' title='bbox 187 3629 225 3705; x_wconf 60' lang='lat' dir='ltr'><strong>dt</strong></span> <span class='ocrx_word' id='word_1_254' title='bbox 236 3658 466 3731; x_wconf 82' lang='lat' dir='ltr'><strong>predikheeren</strong></span> <span class='ocrx_word' id='word_1_255' title='bbox 485 3663 518 3727; x_wconf 90' lang='lat' dir='ltr'><strong>in</strong></span> <span class='ocrx_word' id='word_1_256' title='bbox 533 3662 585 3729; x_wconf 87' lang='lat' dir='ltr'><strong>dle</strong></span> <span class='ocrx_word' id='word_1_257' title='bbox 597 3664 716 3730; x_wconf 86' lang='lat' dir='ltr'><strong>landen</strong></span> <span class='ocrx_word' id='word_1_258' title='bbox 730 3670 796 3731; x_wconf 87' lang='lat' dir='ltr'><strong>met</strong></span> <span class='ocrx_word' id='word_1_259' title='bbox 810 3666 848 3731; x_wconf 92' lang='lat' dir='ltr'><strong>de</strong></span> <span class='ocrx_word' id='word_1_260' title='bbox 861 3667 1167 3753; x_wconf 84' lang='lat' dir='ltr'><strong>kettervervolging</strong></span> <span class='ocrx_word' id='word_1_261' title='bbox 1179 3666 1285 3752; x_wconf 74' lang='lat' dir='ltr'><strong>gelasi</strong></span> <span class='ocrx_word' id='word_1_262' title='bbox 1297 3665 1376 3732; x_wconf 86' lang='lat' dir='ltr'><strong>hcel</strong></span> <span class='ocrx_word' id='word_1_263' title='bbox 1391 3719 1400 3744; x_wconf 86' lang='lat'><strong>‚</strong></span> 
     </span>
     <span class='ocr_line' id='line_1_29' title="bbox 199 3751 1401 3853; baseline 0.007 -28"><span class='ocrx_word' id='word_1_264' title='bbox 199 3760 232 3810; x_wconf 64' lang='lat' dir='ltr'><strong>tl</strong></span> <span class='ocrx_word' id='word_1_265' title='bbox 250 3751 309 3827; x_wconf 83' lang='lat' dir='ltr'><strong>hun</strong></span> <span class='ocrx_word' id='word_1_266' title='bbox 324 3760 454 3831; x_wconf 88' lang='lat' dir='ltr'><strong>beveclt</strong></span> <span class='ocrx_word' id='word_1_267' title='bbox 469 3765 508 3831; x_wconf 90' lang='lat' dir='ltr'><strong>de</strong></span> <span class='ocrx_word' id='word_1_268' title='bbox 525 3767 764 3850; x_wconf 83' lang='lat' dir='ltr'><strong>predilrheeren</strong></span> <span class='ocrx_word' id='word_1_269' title='bbox 789 3770 870 3853; x_wconf 81' lang='lat' dir='ltr'><strong>gued</strong></span> <span class='ocrx_word' id='word_1_270' title='bbox 887 3774 921 3836; x_wconf 89' lang='lat' dir='ltr'><strong>te</strong></span> <span class='ocrx_word' id='word_1_271' title='bbox 939 3770 1097 3837; x_wconf 88' lang='lat' dir='ltr'><strong>onthaleu</strong></span> <span class='ocrx_word' id='word_1_272' title='bbox 1114 3791 1154 3836; x_wconf 91' lang='lat' dir='ltr'><strong>en</strong></span> <span class='ocrx_word' id='word_1_273' title='bbox 1173 3775 1241 3836; x_wconf 89' lang='lat' dir='ltr'><strong>met</strong></span> <span class='ocrx_word' id='word_1_274' title='bbox 1264 3769 1343 3835; x_wconf 82' lang='lat' dir='ltr'><strong>read</strong></span> <span class='ocrx_word' id='word_1_275' title='bbox 1360 3789 1401 3834; x_wconf 90' lang='lat' dir='ltr'><strong>cn</strong></span> 
     </span>
    </p>

    <p class='ocr_par' dir='ltr' id='par_1_11' title="bbox 204 3847 1400 3960">
     <span class='ocr_line' id='line_1_30' title="bbox 204 3847 1400 3960; baseline 0.018 -43"><span class='ocrx_word' id='word_1_276' title='bbox 204 3847 264 3923; x_wconf 83' lang='lat' dir='ltr'><strong>dud</strong></span> <span class='ocrx_word' id='word_1_277' title='bbox 282 3864 312 3929; x_wconf 93' lang='lat' dir='ltr'><strong>in</strong></span> <span class='ocrx_word' id='word_1_278' title='bbox 334 3867 391 3934; x_wconf 88' lang='lat' dir='ltr'><strong>het</strong></span> <span class='ocrx_word' id='word_1_279' title='bbox 416 3869 584 3935; x_wconf 86' lang='lat' dir='ltr'><strong>vervullen</strong></span> <span class='ocrx_word' id='word_1_280' title='bbox 610 3870 740 3936; x_wconf 87' lang='lat' dir='ltr'><strong>hunuer</strong></span> <span class='ocrx_word' id='word_1_281' title='bbox 760 3872 904 3957; x_wconf 89' lang='lat' dir='ltr'><strong>plichtou</strong></span> <span class='ocrx_word' id='word_1_282' title='bbox 920 3872 963 3960; x_wconf 90' lang='lat' dir='ltr'><strong>bij</strong></span> <span class='ocrx_word' id='word_1_283' title='bbox 982 3881 1015 3940; x_wconf 89' lang='lat' dir='ltr'><strong>te</strong></span> <span class='ocrx_word' id='word_1_284' title='bbox 1040 3881 1145 3951; x_wconf 82' lang='lat' dir='ltr'><strong>stoan,</strong></span> <span class='ocrx_word' id='word_1_285' title='bbox 1165 3872 1344 3959; x_wconf 85' lang='lat' dir='ltr'><strong>aangezien</strong></span> <span class='ocrx_word' id='word_1_286' title='bbox 1360 3873 1400 3938; x_wconf 92' lang='lat' dir='ltr'><strong>de</strong></span> 
     </span>
    </p>

    <p class='ocr_par' dir='ltr' id='par_1_12' title="bbox 204 3955 1145 4063">
     <span class='ocr_line' id='line_1_31' title="bbox 204 3955 1145 4063; baseline 0.02 -40"><span class='ocrx_word' id='word_1_287' title='bbox 204 3955 404 4059; x_wconf 80' lang='lat' dir='ltr'><strong>lerkroogden</strong></span> <span class='ocrx_word' id='word_1_288' title='bbox 420 3976 455 4037; x_wconf 89' lang='lat' dir='ltr'><strong>te</strong></span> <span class='ocrx_word' id='word_1_289' title='bbox 472 3972 543 4038; x_wconf 86' lang='lat' dir='ltr'><strong>veel</strong></span> <span class='ocrx_word' id='word_1_290' title='bbox 559 3974 681 4041; x_wconf 86' lang='lat' dir='ltr'><strong>andere</strong></span> <span class='ocrx_word' id='word_1_291' title='bbox 697 3973 990 4063; x_wconf 85' lang='lat' dir='ltr'><strong>beslommeriugen</strong></span> <span class='ocrx_word' id='word_1_292' title='bbox 1009 3975 1145 4042; x_wconf 88' lang='lat' dir='ltr'><strong>hebben.</strong></span> 
     </span>
    </p>
   </div>
   <div class='ocr_carea' id='block_1_6' title="bbox 183 4118 1399 4364">
    <p class='ocr_par' dir='ltr' id='par_1_13' title="bbox 183 4118 1399 4364">
     <span class='ocr_line' id='line_1_32' title="bbox 223 4118 1399 4202; baseline 0.008 -24"><span class='ocrx_word' id='word_1_293' title='bbox 223 4118 267 4173; x_wconf 73' lang='lat' dir='ltr'><strong>Nos</strong></span> <span class='ocrx_word' id='word_1_294' title='bbox 283 4125 481 4182; x_wconf 86' lang='lat' dir='ltr'><strong>considerantes</strong></span> <span class='ocrx_word' id='word_1_295' title='bbox 503 4130 575 4196; x_wconf 88' lang='lat' dir='ltr'><strong>quod</strong></span> <span class='ocrx_word' id='word_1_296' title='bbox 594 4130 661 4184; x_wconf 88' lang='lat' dir='ltr'><strong>dicti</strong></span> <span class='ocrx_word' id='word_1_297' title='bbox 683 4132 781 4186; x_wconf 74' lang='lat' dir='ltr'><strong>fratres</strong></span> <span class='ocrx_word' id='word_1_298' title='bbox 801 4132 1001 4199; x_wconf 74' lang='lat' dir='ltr'><strong>praedicatores</strong></span> <span class='ocrx_word' id='word_1_299' title='bbox 1020 4138 1076 4187; x_wconf 89' lang='lat' dir='ltr'><strong>tam</strong></span> <span class='ocrx_word' id='word_1_300' title='bbox 1096 4137 1192 4187; x_wconf 87' lang='lat' dir='ltr'><strong>contra</strong></span> <span class='ocrx_word' id='word_1_301' title='bbox 1215 4134 1399 4202; x_wconf 82' lang='lat' dir='ltr'><strong>profligandas</strong></span> 
     </span>
     <span class='ocr_line' id='line_1_33' title="bbox 191 4208 1399 4280; baseline 0.004 -17"><span class='ocrx_word' id='word_1_302' title='bbox 191 4208 387 4274; x_wconf 73' lang='lat' dir='ltr'><strong>mersosquem</strong></span> <span class='ocrx_word' id='word_1_303' title='bbox 406 4212 502 4262; x_wconf 80' lang='lat' dir='ltr'><strong>contm</strong></span> <span class='ocrx_word' id='word_1_304' title='bbox 522 4216 608 4277; x_wconf 82' lang='lat' dir='ltr'><strong>pestes</strong></span> <span class='ocrx_word' id='word_1_305' title='bbox 628 4211 696 4265; x_wconf 82' lang='lat' dir='ltr'><strong>alias</strong></span> <span class='ocrx_word' id='word_1_306' title='bbox 708 4213 861 4266; x_wconf 83' lang='lat' dir='ltr'><strong>mortiferas</strong></span> <span class='ocrx_word' id='word_1_307' title='bbox 879 4213 1051 4280; x_wconf 84' lang='lat' dir='ltr'><strong>extirpandas</strong></span> <span class='ocrx_word' id='word_1_308' title='bbox 1068 4232 1096 4267; x_wconf 88' lang='lat' dir='ltr'><strong>sc</strong></span> <span class='ocrx_word' id='word_1_309' title='bbox 1111 4214 1305 4268; x_wconf 85' lang='lat' dir='ltr'><strong>dedicaverunt</strong></span> <span class='ocrx_word' id='word_1_310' title='bbox 1321 4231 1399 4268; x_wconf 84' lang='lat' dir='ltr'><strong>evan-</strong></span> 
     </span>
     <span class='ocr_line' id='line_1_34' title="bbox 183 4283 1398 4364; baseline 0.008 -25"><span class='ocrx_word' id='word_1_311' title='bbox 183 4283 325 4363; x_wconf 73' lang='lat' dir='ltr'><strong>gelimtioni</strong></span> <span class='ocrx_word' id='word_1_312' title='bbox 337 4289 414 4343; x_wconf 83' lang='lat' dir='ltr'><strong>verbi</strong></span> <span class='ocrx_word' id='word_1_313' title='bbox 435 4290 493 4355; x_wconf 87' lang='lat' dir='ltr'><strong>Dei,</strong></span> <span class='ocrx_word' id='word_1_314' title='bbox 515 4295 542 4345; x_wconf 85' lang='lat' dir='ltr'><strong>et</strong></span> <span class='ocrx_word' id='word_1_315' title='bbox 562 4293 634 4359; x_wconf 88' lang='lat' dir='ltr'><strong>quod</strong></span> <span class='ocrx_word' id='word_1_316' title='bbox 650 4311 697 4347; x_wconf 86' lang='lat' dir='ltr'><strong>vos</strong></span> <span class='ocrx_word' id='word_1_317' title='bbox 715 4294 828 4348; x_wconf 80' lang='lat' dir='ltr'><strong>diversis</strong></span> <span class='ocrx_word' id='word_1_318' title='bbox 839 4294 1048 4362; x_wconf 88' lang='lat' dir='ltr'><strong>occupationum</strong></span> <span class='ocrx_word' id='word_1_319' title='bbox 1066 4294 1221 4350; x_wconf 83' lang='lat' dir='ltr'><strong>turbinibus</strong></span> <span class='ocrx_word' id='word_1_320' title='bbox 1238 4295 1334 4364; x_wconf 85' lang='lat' dir='ltr'><strong>agitati</strong></span> <span class='ocrx_word' id='word_1_321' title='bbox 1352 4295 1398 4349; x_wconf 85' lang='lat' dir='ltr'><strong>vix</strong></span> 
     </span>
    </p>
   </div>
   <div class='ocr_carea' id='block_1_7' title="bbox 657 4436 1382 4446">
    <p class='ocr_par' dir='ltr' id='par_1_14' title="bbox 657 4436 1382 4446">
     <span class='ocr_line' id='line_1_35' title="bbox 657 4436 1382 4446; baseline -0.001 -1"><span class='ocrx_word' id='word_1_322' title='bbox 657 4438 801 4446; x_wconf 77' lang='lat'><em>--.-.-—</em></span> <span class='ocrx_word' id='word_1_323' title='bbox 1020 4439 1091 4445; x_wconf 78' lang='lat'><strong>.—</strong></span> <span class='ocrx_word' id='word_1_324' title='bbox 1310 4436 1382 4444; x_wconf 77' lang='lat'><strong>---—</strong></span> 
     </span>
    </p>
   </div>
   <div class='ocr_carea' id='block_1_8' title="bbox 204 4522 650 4591">
    <p class='ocr_par' dir='ltr' id='par_1_15' title="bbox 204 4522 650 4591">
     <span class='ocr_line' id='line_1_36' title="bbox 204 4522 650 4591; baseline 0.002 -13"><span class='ocrx_word' id='word_1_325' title='bbox 204 4526 238 4591; x_wconf 88' lang='lat' dir='ltr'><strong>(l)</strong></span> <span class='ocrx_word' id='word_1_326' title='bbox 255 4522 321 4580; x_wconf 85' lang='lat' dir='ltr'><strong>Hier</strong></span> <span class='ocrx_word' id='word_1_327' title='bbox 331 4523 477 4582; x_wconf 79' lang='lat' dir='ltr'><strong>outbrcelrt</strong></span> <span class='ocrx_word' id='word_1_328' title='bbox 488 4541 537 4581; x_wconf 85' lang='lat' dir='ltr'><strong>een</strong></span> <span class='ocrx_word' id='word_1_329' title='bbox 549 4527 650 4582; x_wconf 79' lang='lat' dir='ltr'><strong>woord.</strong></span> 
     </span>
    </p>
   </div>
   <div class='ocr_carea' id='block_1_9' title="bbox 0 0 1602 5408">
    <p class='ocr_par' dir='ltr' id='par_1_16' title="bbox 0 0 1602 5408">
     <span class='ocr_line' id='line_1_37' title="bbox 0 0 1602 5408; baseline 0 6"><span class='ocrx_word' id='word_1_330' title='bbox 0 0 1602 5408; x_wconf 95' lang='lat' dir='ltr'><strong> </strong></span> 
     </span>
    </p>
   </div>
  </div>
 </body>
</html>
