3194 5408
594 508 694 562 ANNO
715 511 789 563 1472
1256 513 1303 565 4⁴1

71 661 104 698 ee
114 661 198 711 posse
214 644 310 701 audire
318 646 497 701 confefflones
509 647 754 715 parmehianorum
773 649 937 704 weularium
951 654 979 706 et
989 650 1150 705 beneficium
1161 648 1305 715 absolutio·

73 723 121 778 nis
133 724 300 793 impendere.
314 727 391 783 Lioet
398 729 523 782 habeatis
532 746 612 796 penes
631 746 678 783 vos
695 729 856 798 magistrum
874 732 1021 795 Andream,
1034 733 1211 800 professorem
1227 747 1304 785 sacre

69 806 220 876 theologie
230 807 381 877 egregium,
394 810 502 864 otforte
518 810 586 863 alios
597 810 675 874 mihi,
689 812 736 865 sed
747 828 801 864 non
820 813 876 866 Deo
897 813 1012 881 ignotos,
1031 813 1177 880 requisitus
1195 816 1306 880 paratus

68 906 143 942 sum
153 889 232 944 iuxta
250 891 363 945 verbum
380 891 452 945 beati
464 891 540 946 Petri
557 891 671 958 apostoli
690 893 725 946 de
742 910 774 946 ea
793 911 846 961 que
856 894 886 947 in
903 912 946 949 me
963 899 1004 949 est
1022 895 1075 949 fide
1092 899 1119 949 et
1135 911 1181 962 spe
1192 894 1305 948 reddere

69 971 233 1027 rationem.
246 1013 252 1026 .
264 974 341 1039 ..(1).

110 1054 248 1110 Pertinax
258 1073 325 1126 orgo
336 1057 446 1112 illorum
457 1058 542 1113 trium
560 1062 587 1113 et
599 1076 823 1128 quorumeunque
834 1061 951 1115 eliorum
963 1061 1085 1124 assertio,
1098 1061 1169 1129 quod
1181 1060 1305 1114 saoerdos

69 1154 136 1192 non
153 1137 256 1192 habene
266 1139 396 1206 populum
407 1139 569 1203 subiectum,
580 1141 646 1207 quia
664 1157 714 1194 neo
725 1141 880 1195 ordinarius
890 1147 931 1197 est
948 1159 998 1196 noo
1009 1141 1207 1210 priuilegiatus,
1221 1141 1304 1207 possit

68 1219 119 1275 uti
130 1235 185 1273 sua
197 1224 326 1288 miserate
336 1220 447 1289 ligando
458 1225 486 1275 et
496 1223 626 1276 soluendo
642 1240 659 1275 a
677 1222 794 1289 peccatis
813 1224 897 1277 laicos
915 1223 966 1278 sibi
980 1225 1147 1287 confitenter,
1159 1226 1199 1277 eet
1210 1222 1302 1290 impie,

67 1301 222 1358 turbatim
227 1303 407 1358 eeclesiastico
418 1303 694 1372 ihererchie,sapiens
703 1322 828 1359 sanorem
839 1305 990 1361 scismatico
997 1307 1304 1375 prauitatisetsuspeota

66 1385 109 1441 de
121 1385 201 1441 mela
210 1384 263 1439 fide
273 1384 419 1453 primitatis
429 1385 528 1438 summi
541 1386 692 1449 monarchi,
707 1386 735 1440 id
747 1392 788 1441 eet
798 1391 890 1442 sancte
901 1389 971 1443 sedis
983 1388 1138 1457 apostolice.

342 1499 489 1564 Carlerius,
503 1501 562 1555 deol
574 1501 609 1565 11,
619 1500 817 1570 verbandeling
829 1505 869 1556 41.

652 1693 747 1760 363.

130 1885 220 1952 Vror
235 1883 427 1952 November
453 1885 557 1960 1472,
574 1882 768 1970 Kamerejk.
789 1883 926 1949 Oordeel
950 1903 1014 1949 van
1038 1882 1100 1947 den
1116 1881 1301 1968 Kamarijk·

68 1987 184 2055 sehon
199 1987 304 2055 deken
320 1987 455 2067 Garlier,
478 2008 518 2073 op
535 1986 675 2052 verzoek
692 2007 756 2053 van
774 2007 877 2053 eenen
893 1987 1104 2072 kerkprelaat
1120 1985 1302 2070 uitgespro·

68 2093 159 2170 ken,
184 2111 263 2157 over
278 2090 335 2158 het
349 2092 445 2176 geval
463 2111 526 2157 van
544 2111 648 2155 eenen
674 2110 826 2176 persoon,
845 2090 896 2156 die
913 2090 963 2156 uit
978 2087 1301 2176 gewetensbezwaar

69 2194 246 2280 weigerde
258 2193 299 2260 de
311 2193 455 2280 dogme’s
467 2193 526 2259 der
535 2193 627 2258 Kerk
642 2192 744 2258 ander
756 2193 834 2259 eede
846 2199 880 2260 te
891 2192 1076 2259 bezweren.
1087 2230 1125 2242 -
1137 2191 1302 2257 Daardoor

69 2299 188 2366 nlleen
204 2298 231 2364 ie
247 2297 291 2384 hij
310 2297 403 2362 reede
420 2296 578 2363 verdacht
595 2297 628 2360 in
653 2297 717 2384 zijn
742 2296 861 2381 geloof.
887 2296 1000 2362 Indien
1017 2297 1061 2384 hij
1087 2295 1149 2361 ook
1166 2294 1303 2361 strande

70 2401 196 2478 houdt,
210 2400 267 2466 dat
277 2420 353 2466 men
365 2400 456 2466 nooit
472 2420 547 2484 mag
561 2419 705 2477 zweren,
725 2399 789 2465 dan
806 2401 833 2464 is
848 2400 897 2466 dit
912 2420 992 2465 eene
1008 2399 1137 2484 stellige
1152 2397 1298 2484 ketterij.

70 2506 109 2572 Is
127 2504 195 2592 zijn
210 2503 305 2588 geval
328 2504 457 2589 geheim
480 2501 651 2588 gebleven,
673 2522 731 2567 zoo
747 2501 812 2568 kan
830 2522 902 2568 men
920 2524 986 2588 nog
1002 2510 1070 2569 wat
1085 2501 1204 2588 geduld
1224 2499 1302 2566 heb·

72 2607 157 2687 ben,
176 2624 270 2673 mear
285 2606 355 2672 niet
370 2612 403 2673 te
421 2606 514 2691 lang;
537 2612 628 2672 want
644 2626 704 2671 een
718 2605 814 2672 enkel
831 2606 1000 2673 kettersoh
1012 2605 1143 2694 vonkje,
1159 2605 1215 2672 dat
1228 2624 1301 2670 men

71 2710 239 2777 verzuimt
254 2709 302 2776 uit
319 2715 352 2775 te
375 2709 513 2788 dooven,
533 2709 598 2775 lran
625 2729 727 2774 eenen
753 2709 1011 2797 schrikkelijken
1039 2707 1142 2775 brand
1170 2728 1303 2774 veroor-

69 2813 195 2881 zaken.
211 2813 266 2879 Uit
281 2810 501 2897 vriendsohap
518 2833 594 2897 mag
606 2832 681 2877 men
705 2811 768 2878 den
785 2812 943 2899 pliehtige
967 2813 1035 2878 niet
1061 2832 1190 2897 sorren,
1210 2819 1302 2877 want

71 2916 176 2985 God’s
187 2937 243 2982 eer
258 2919 345 2983 stent
361 2935 402 3000 op
419 2916 478 2982 het
490 2916 576 3000 spel;
597 2936 656 2980 een
674 2915 881 2982 verkankerd
899 2915 942 2981 lid
958 2918 1048 2982 moet
1064 2936 1137 2980 men
1154 2916 1303 2999 integen-

71 3020 151 3087 doel
165 3019 355 3106 uitsnijden,
375 3019 458 3085 doch
480 3023 547 3084 met
571 3018 838 3104 omziohtigheid.
857 3020 903 3084 De
918 3018 1072 3085 bedoelde
1087 3038 1225 3103 persoon
1242 3039 1301 3083 zou

71 3124 161 3190 door
176 3122 216 3188 de
238 3120 551 3208 geloofsreohtbank
579 3121 696 3208 seherp
720 3127 849 3188 moeten
879 3121 1077 3188 ondorzoeht
1098 3121 1241 3199 worden,
1262 3141 1300 3186 en

70 3226 251 3311 ingevolge
275 3226 381 3312 ziJner
404 3225 622 3292 antwoorden
651 3224 717 3290 ken
743 3246 816 3291 men
842 3225 905 3291 dan
929 3230 995 3290 met
1023 3224 1097 3288 hem
1124 3223 1300 3301 handelen,

71 3326 200 3396 zonder
223 3329 255 3394 al
279 3328 319 3394 de
348 3348 487 3413 gewone
516 3328 763 3394 reohtsvormen
788 3333 821 3394 te
849 3331 979 3393 moeten
1007 3328 1039 3392 in
1066 3326 1143 3393 acht
1170 3347 1299 3392 nemen.

71 3433 182 3499 Komt
196 3430 241 3520 hij
259 3435 309 3499 tot
325 3431 441 3498 inkeer
457 3453 498 3497 en
513 3431 581 3516 legt
594 3431 639 3520 hij
657 3432 720 3497 den
736 3429 945 3517 gevraagden
963 3429 1021 3496 eed
1037 3429 1080 3506 as,
1097 3429 1160 3496 dan
1176 3428 1242 3495 kan
1254 3428 1300 3515 hij

71 3535 131 3602 als
146 3531 384 3621 bootedoening
409 3534 550 3620 gertraft
567 3534 703 3601 worden
728 3555 809 3601 naar
824 3534 881 3601 het
898 3533 1113 3619 gooddunken
1137 3532 1195 3599 der
1217 3534 1303 3598 vica·

69 3638 359 3724 tirason-genereo]
376 3659 440 3705 van
456 3639 514 3705 het
530 3636 665 3704 bisdom.

114 3796 218 3857 Contra
238 3819 362 3858 errorem
386 3805 504 3859 dicentis
526 3809 600 3876 quod
625 3823 683 3859 noea
705 3807 821 3860 auderet
844 3808 941 3858 iurare
964 3802 1096 3857 articulos
1117 3803 1186 3872 fidei
1203 3807 1303 3870 saqitte

67 3888 199 3959 potentis
209 3895 288 3940 aeute
309 3887 444 3942 catholice
460 3889 564 3942 scilieet
582 3892 708 3943 rationes
720 3907 783 3943 oum
797 3895 979 3957 torqueantur
995 3886 1077 3939 illum
1091 3891 1203 3955 penitus
1215 3890 1302 3938 extin-

66 3967 200 4041 9uendo,
212 3969 261 4038 [ad
269 3971 433 4023 instantiam
446 3971 596 4025 cuiusdam
603 3971 739 4041 presulis]
751 3973 794 4038 (2).

110 4049 164 4105 Ille
176 4051 223 4118 qui
234 4051 304 4106 dixit
315 4069 343 4106 se
356 4069 411 4106 non
423 4054 523 4108 audere
542 4054 633 4109 iurare
653 4055 725 4122 quod
744 4053 865 4108 Christus
884 4053 920 4106 sit
936 4056 1015 4107 natus
1034 4053 1067 4107 de
1078 4052 1202 4122 Virgine,
1215 4049 1301 4105 cruci-

69 4135 160 4195 fixus,
178 4137 240 4197 eta,
258 4138 299 4187 est
319 4135 398 4188 valde
420 4136 449 4188 in
466 4135 518 4188 fide
540 4141 679 4203 suspectus
699 4134 766 4201 quin
782 4135 853 4187 male
870 4134 957 4202 sapiat
973 4135 1007 4187 de
1023 4152 1064 4197 ea,
1077 4151 1129 4201 que
1140 4138 1180 4187 tot
1190 4132 1302 4187 testibus

69 4215 195 4287 probata
207 4221 255 4279 est,
269 4232 317 4283 per
339 4218 482 4284 apostolos,
496 4219 684 4286 euangelistas,
703 4235 752 4285 per
768 4219 892 4271 martires
904 4215 1123 4278 innumerabiles,
1142 4232 1190 4281 per
1201 4215 1301 4267 consos-
1384 4209 1386 4213 ’

409 4356 1284 4368 ————-—..-——-——-—.—.

113 4437 151 4500 (1)
163 4433 231 4488 Hier
241 4435 317 4502 rolgt
328 4436 380 4489 dan
401 4453 449 4490 een
468 4437 630 4505 godgeleerd
648 4439 745 4506 betoog
760 4439 799 4491 als
816 4438 954 4491 antwoord
971 4454 1005 4505 op
1022 4438 1055 4491 de
1071 4436 1188 4505 gestelde
1205 4453 1297 4503 vraag.

113 4517 151 4581 (2)
165 4515 234 4570 Deae
244 4517 372 4596 woorden
383 4521 462 4571 steen
471 4518 527 4572 niet
535 4535 587 4572 aan
599 4518 617 4572 't
628 4518 709 4573 hoofd
720 4536 773 4573 van
781 4518 822 4574 dit
829 4519 902 4582 stuk,
912 4535 989 4572 maer
996 4519 1025 4573 in
1034 4518 1067 4572 de
1076 4516 1265 4571 inhoudstesol.
