3188 5408
583 536 686 592 ANNI)
706 539 783 591 11⁶³
1271 542 1304 593 13

74 695 150 746 qnae
161 680 227 734 dum
238 677 414 734 miseratione
434 675 529 746 populi
546 693 630 746 prope
650 682 815 743 servaretur,
828 677 851 732 si
863 677 934 734 forte
950 678 1066 734 interitu
1084 678 1202 734 aliorum
1216 682 1301 736 terre·

75 767 157 816 retur
173 768 201 817 et
217 761 321 817 saniori
337 760 454 816 consilio
469 756 666 827 'acquiesceret
679 761 770 816 subito
789 761 823 817 de
842 761 968 816 manibus
990 779 1019 817 se
1042 762 1194 818 tenentium
1211 763 1302 832 elapsa

74 845 154 900 ultro
165 845 279 915 ignibus
290 863 319 900 se
329 843 425 913 injecit
436 847 463 898 et
474 842 566 911 periit.

340 947 467 1004 Annales
489 946 662 1002 Calontenses
679 951 809 1014 maximi,
828 950 865 1017 bij
888 950 977 1015 Perta,
999 951 1191 1016 Monumente,
1212 952 1301 1020 Scrip-

376 1041 458 1096 tores,
470 1031 531 1085 deel
543 1031 631 1098 XVII,
647 1033 697 1087 blz.
713 1036 770 1087 778,
784 1061 817 1071 -
828 1034 879 1088 Die
890 1034 1001 1103 kronijlr
1014 1040 1084 1090 staat
1095 1034 1149 1090 ook
1166 1034 1299 1104 gedeelte·

371 1115 422 1182 lijlr
433 1113 464 1167 in
476 1113 545 1167 Dom
558 1114 683 1182 Bouquet
693 1114 824 1180 (moueat,
835 1114 895 1170 deeI
906 1117 983 1183 XIII)
996 1118 1081 1172 onder
1092 1118 1145 1172 den
1156 1135 1237 1171 naam
1247 1133 1300 1169 ran

374 1196 512 1250 Chronica
522 1199 604 1264 regia
615 1197 641 1252 S.
652 1197 837 1251 Pantaleonis
846 1214 934 1268 prope
950 1198 1108 1268 Coloniam,
1119 1200 1214 1255 aldaar
1223 1199 1300 1258 komt

373 1296 422 1334 ons
431 1277 575 1334 uittreksel
586 1297 621 1348 op
639 1281 693 1334 blz.
709 1281 758 1334 722
771 1296 850 1336 voor.

657 1458 724 1525 43.

119 1606 253 1692 (1163),
269 1608 411 1676 Keulm.
431 1606 612 1674 Uittreksel
628 1607 676 1675 uit
698 1608 755 1674 het
772 1606 938 1694 Dialogus
959 1609 1209 1677 miraculorum
1233 1630 1297 1678 van

70 1709 138 1776 den
154 1711 290 1778 monnik
306 1733 347 1778 en
362 1711 545 1800 tijdgenoot
560 1710 730 1778 Caesarius
746 1731 811 1776 van
828 1709 1043 1778 Heisterbach
1059 1733 1138 1778 over
1150 1715 1208 1781 het
1224 1733 1298 1780 ver·

69 1811 222 1880 brandea
235 1834 298 1880 ran
309 1814 534 1902 (Vlaamsche)
543 1814 669 1882 ketters
681 1818 715 1881 te
727 1814 866 1881 Keulen.
877 1850 919 1862 -
928 1815 967 1880 In
976 1813 1053 1881 deza
1065 1816 1297 1903 samenspraak

68 1916 231 1984 tusschen
255 1917 318 1984 den
342 1917 476 1984 monmk
490 1917 661 1986 Caesarius
677 1937 717 1984 en
735 1938 838 1984 eenen
854 1915 1167 2007 proefkloosterling
1188 1920 1297 1989 wordt

70 2021 190 2088 vooral
205 2020 362 2090 verhaald
377 2026 445 2089 wat
461 2042 502 2109 op
518 2042 559 2089 en
576 2042 629 2088 om
644 2021 708 2088 den
724 2020 933 2108 brandstapel
949 2022 1155 2108 geschiedde.

109 2174 270 2247 [Distinctio
280 2177 402 2247 quinta]
417 2179 481 2246 Cap.
495 2176 576 2232 xlx.
592 2178 633 2232 De
643 2177 791 2233 haereticis
804 2178 936 2232 Coloniae
947 2180 1103 2235 combustis.

106 2259 190 2314 Circa
207 2259 257 2316 illa
267 2265 391 2329 tempore
401 2261 451 2314 sub
463 2259 668 2328 archiepiscopo
679 2260 822 2329 Reynaldo
833 2260 963 2316 Coloniae
980 2262 1072 2330 plures
1089 2261 1222 2317 haeretici
1232 2267 1299 2318 sunt

70 2343 340 2412 comprehensioni
362 2361 378 2397 a
399 2343 517 2398 literatis
534 2344 602 2399 viris
621 2344 769 2399 examinati
787 2350 814 2399 et
834 2343 910 2406 victi,
930 2362 979 2412 per
999 2344 1134 2400 iudicium
1158 2347 1297 2403 saeculare

70 2425 197 2481 damnati
208 2433 279 2480 sunt·
294 2428 364 2481 Data
374 2443 439 2481 vero
450 2427 593 2490 sententia,
606 2444 669 2481 cum
687 2427 804 2483 ducendi
821 2432 910 2482 essent
931 2429 966 2482 ad
987 2428 1089 2496 ignem,
1103 2445 1172 2482 unus
1186 2428 1297 2484 illorum

70 2509 214 2564 Arnoldus
231 2509 350 2572 nomine,
362 2525 444 2577 quem
463 2509 546 2563 ceteri
566 2509 729 2578 magistrum
747 2526 828 2564 sunm
845 2510 1010 2574 fatebantur,
1024 2509 1096 2563 sicut
1116 2518 1298 2567 narraverunt

69 2591 120 2657 qui
133 2589 326 2655 interfuerunt,
339 2607 437 2658 panem
449 2596 476 2645 et
487 2590 588 2659 pelvim
605 2607 669 2644 oum
681 2607 751 2658 aqua
762 2591 814 2646 sibi
826 2591 887 2646 dari
899 2590 1008 2660 petivit.
1025 2591 1194 2654 Quibusdam
1206 2594 1297 2650 volen-

69 2675 148 2728 tibus
161 2679 194 2729 nt
203 2674 256 2728 hoc
267 2673 353 2738 fieret,
367 2674 420 2728 viri
432 2675 578 2741 prudentes
589 2673 776 2729 dissuaserunt
787 2676 923 2730 dicentes:
937 2675 1049 2743 Aliquid
1058 2675 1123 2730 hinc
1137 2677 1197 2731 fleri
1208 2683 1298 2745 posset

70 2773 155 2825 opere
167 2756 314 2821 diabolico,
326 2757 398 2824 quod
412 2756 529 2810 infirmis
551 2761 620 2810 esset
643 2756 673 2810 in
693 2755 851 2810 scandalum
871 2763 898 2811 et
917 2757 948 2810 in
970 2757 1088 2812 urinam.
1102 2757 1294 2814 NOVIClUS:

69 2841 163 2895 Miror
174 2841 240 2908 quid
254 2840 288 2894 de
299 2855 369 2908 pane
379 2843 407 2893 et
418 2838 451 2891 de
462 2854 533 2905 aqua
544 2839 634 2893 facere
646 2838 774 2892 voluerit.
788 2838 991 2894 MONACIIUS
1003 2855 1010 2892 :
1027 2839 1105 2895 Sicut
1123 2840 1241 2896 coniicio
1264 2859 1296 2896 ex

69 2925 165 2981 verbis
182 2924 324 2978 cuiusdam
345 2921 459 2977 alterius
475 2921 617 2986 haeretici,
630 2923 678 2988 qui
695 2926 760 2976 ante
779 2921 832 2976 hoc
853 2920 1002 2978 trienmum
1023 2940 1040 2977 a
1062 2941 1128 2992 rege
1149 2924 1296 2993 Hispaniae

66 3007 285 3077 comprehensus
296 3010 336 3061 est
347 3010 375 3060 et
385 3005 551 3069 combustus,
564 3004 729 3072 sacrilegam
741 3021 774 3060 ex
787 3004 826 3059 eis
837 3007 928 3060 lacere
938 3007 1047 3061 volebat
1063 3008 1294 3072 communionem,

68 3097 104 3147 ut
115 3092 174 3146 suis
190 3090 321 3145 viaticum
332 3090 418 3153 fieret,
431 3091 465 3143 ad
477 3094 617 3145 aeternam
633 3088 846 3143 damnationem.
858 3088 928 3142 Nam
940 3088 1051 3155 quidam
1061 3090 1144 3143 abbas
1159 3089 1296 3158 Hispanus

68 3173 181 3228 ordinis
199 3171 285 3227 nostri
298 3175 344 3238 (sc.
359 3170 606 3239 cisterciensis)per
618 3188 667 3225 nos
685 3170 829 3234 transiens,
842 3170 889 3238 qui
902 3188 963 3224 oum
979 3170 1104 3238 episcopo
1124 3178 1152 3225 et
1169 3171 1295 3226 ecclesia-

68 3277 137 3313 rum
148 3255 277 3326 praelatis
289 3254 409 3309 eiusdem
420 3254 551 3308 haeretici
569 3270 675 3308 errores
694 3253 844 3317 damnavit,
857 3270 919 3307 eum
942 3252 1042 3310 dixisse
1066 3255 1209 3318 referebat,
1222 3255 1294 3321 quod

67 3341 193 3396 msticus
206 3338 322 3406 quilibet
332 3339 361 3392 in
372 3355 464 3391 mense
479 3341 567 3391 suaet
588 3337 622 3390 de
633 3353 703 3404 pano
720 3352 770 3390 suo
787 3351 840 3402 quo
862 3340 1028 3402 vesceretur,
1049 3337 1185 3390 conficere
1207 3344 1296 3404 posset

66 3438 172 3490 corpus
181 3421 289 3476 Christi.
298 3420 365 3474 Erat
376 3419 449 3474 enim
461 3418 534 3473 idem
543 3418 703 3472 maledictus
715 3419 791 3472 faber
800 3418 940 3471 serrarius.
950 3416 1137 3471 NOVICIUS:
1148 3417 1220 3481 Quid
1229 3436 1296 3487 ergo

66 3514 166 3562 actum
183 3510 224 3560 est
239 3505 273 3558 de
284 3503 430 3558 haereticis
441 3502 663 3557 Coloniemibusl
675 3499 895 3555 MONACHUS:
912 3499 994 3554 Ducti
1014 3505 1079 3554 sunt
1100 3508 1178 3555 extra
1200 3500 1294 3556 civita-

66 3597 129 3646 tem
151 3588 266 3645 etiuxta
285 3586 452 3642 cimiterium
468 3585 637 3640 Iudaeorum
658 3585 743 3639 simul
760 3584 790 3639 in
812 3584 905 3652 ignem
921 3582 1011 3637 missi·
1028 3582 1082 3645 Qui
1105 3601 1168 3638 cum
1186 3584 1295 3639 fortiter

68 3673 210 3737 arderent,
228 3671 322 3726 multis
340 3669 496 3724 ridentibus
520 3675 547 3724 et
569 3669 752 3733 audientibus,
776 3668 914 3723 Arnoldus
936 3665 1074 3723 semiustis
1096 3665 1294 3733 discipulorum

66 3755 209 3824 capitibus
224 3770 337 3808 manum
354 3752 507 3820 imponens,
525 3752 575 3806 ait:
596 3752 756 3806 Constantes
778 3755 862 3806 estote
884 3750 914 3806 in
935 3751 988 3804 fide
1012 3754 1110 3814 restra,
1123 3747 1189 3816 quia
1213 3748 1294 3803 hodie

66 3838 150 3895 eritis
161 3855 223 3891 cum
236 3835 397 3902 Laurentio;
410 3851 473 3889 oum
484 3840 577 3889 tamen
588 3834 670 3888 nimis
681 3834 868 3889 discordarent
878 3851 895 3887 a
907 3835 959 3888 fide
972 3833 1125 3888 Laurentii.
1138 3834 1206 3888 Cum
1225 3837 1295 3889 esset

65 3922 145 3976 inter
156 3936 200 3974 eos
209 3918 291 3987 virgo
301 3918 434 3985 quaedam
445 3915 574 3984 speciosa,
587 3917 633 3969 sed
645 3915 793 3977 haeretica,
805 3920 831 3970 et
848 3916 1029 3983 quorumdam
1052 3916 1239 3982 compassione
1259 3917 1294 3970 ab

63 4001 138 4070 igne
148 4003 295 4064 subtracta,
308 3999 535 4066 promittentium,
558 3997 678 4066 quiavel
700 4014 760 4051 eam
780 3996 839 4051 viro
862 3998 1001 4052 traderent
1023 3997 1066 4050 rel
1090 3996 1114 4049 si
1133 3995 1186 4050 hoc
1205 3997 1294 4065 magis

62 4085 200 4155 placeret,
212 4087 242 4137 in
263 4083 429 4137 monasterio
452 4081 593 4149 virginum
613 4080 744 4145 locarent,
759 4097 822 4134 cum
844 4081 927 4134 verbo
947 4084 1026 4134 tenus
1038 4079 1224 4143 consensisset,
1238 4080 1292 4134 iam

63 4166 199 4224 extinctis
215 4164 372 4227 haereticis,
384 4164 539 4219 tenentibus
560 4180 589 4216 se
611 4162 695 4217 dixit:
711 4163 800 4216 Dicite
820 4161 899 4226 mihi,
913 4162 960 4216 ubi
983 4162 1055 4216 iacet
1076 4162 1205 4216 seductor
1224 4161 1295 4216 illel

63 4251 193 4316 Cumque
201 4249 228 4303 ai
239 4249 456 4303 demontrassent
464 4247 627 4315 magistrum
639 4246 801 4309 Arnoldum,
813 4262 845 4300 ex
855 4245 981 4299 manibus
992 4245 1103 4299 illorum
1113 4245 1214 4313 elapsa,
1224 4245 1294 4300 facie

60 4335 144 4386 reste
155 4335 235 4396 tecta,
249 4347 330 4399 super
341 4330 455 4386 extincti
467 4331 589 4399 corporis
599 4331 656 4385 ruit
669 4336 770 4386 etcum
788 4332 836 4386 iIlo
854 4331 884 4385 in
899 4331 1038 4387 infernum
1052 4336 1184 4400 perpetuo
1197 4349 1294 4386 arsura

58 4413 216 4470 ΔΝΜ
330 4481 473 4535 Caesarius
504 4499 559 4536 van
592 4481 783 4547 Heisterbach,
818 4480 955 4551 Dialogte
992 4480 1212 4546 miraffllmm’
1242 4483 1288 4536 ω’

370 4564 495 4637 Strange,
516 4565 576 4621 deel
598 4565 619 4630 I,
643 4565 694 4620 bla.
711 4565 760 4621 298
772 4583 807 4621 en
828 4569 888 4621 299.
914 4566 1072 4630 (De'eersta
1090 4564 1218 4619 druklren
1239 4581 1292 4620 ran
