3194 5408
323 529 370 581 leo
832 525 932 580 ANNO
951 527 1028 579 1255

321 666 488 746 verleend,
504 667 606 756 gelijk
623 686 686 734 aan
702 665 765 733 den
784 665 884 733 afiaat
899 665 979 732 door
994 666 1052 733 het
1069 666 1238 751 algemeen
1255 665 1406 734 Concilio
1423 687 1507 734 voor
1520 666 1558 735 do

321 771 570 838 kruisvaarders
587 791 669 836 naar
684 771 741 836 hct
754 771 863 856 Heilig
879 769 968 836 Laod
984 768 1180 855 besproken.
1197 770 1288 835 Voer
1299 769 1421 837 hunne
1437 771 1558 838 andere

322 875 546 959 medehelpers
566 873 594 938 is
617 874 656 939 de
678 872 776 939 afiaat
796 873 920 939 slechts
936 893 1000 938 van
1018 871 1088 938 drie
1102 875 1224 960 jeron:
1248 893 1355 952 mear,
1370 872 1503 943 komen
1518 875 1556 962 Ι]

319 984 354 1045 te
373 978 564 1065 overlijden,
585 976 648 1043 dan
673 977 782 1043 werdt
806 978 874 1042 hun
896 976 982 1041 velle
1005 975 1275 1063 kwijtschelding
1296 976 1557 1065 gewaarborgd.

320 1082 366 1147 De
381 1082 592 1165 inquisiteurs
608 1079 744 1147 worden
769 1079 829 1146 ook
854 1079 1061 1165 gernachtigd
1085 1100 1137 1146 om
1160 1079 1273 1146 hunno
1296 1080 1560 1165 tegenstanders

320 1184 354 1251 in
367 1184 430 1251 den
446 1183 510 1252 ban
528 1191 560 1250 te
574 1184 678 1258 slaan,
697 1183 810 1250 alsook
827 1184 866 1249 de
883 1181 1134 1250 bedelbroeders
1153 1183 1287 1249 hunner
1301 1182 1399 1262 orde,
1417 1183 1473 1251 die
1488 1184 1559 1251 aich

321 1288 379 1355 het
396 1289 489 1354 recht
505 1291 556 1353 tot
572 1286 728 1372 prediken
745 1286 871 1353 zouden
882 1286 1104 1372 aanmatigen.
1121 1287 1269 1371 Hetgeen
1281 1285 1323 1352 de
1340 1286 1560 1373 inquisitenrs

321 1390 390 1457 niet
414 1395 584 1485 getwoee'n
609 1391 717 1457 zullon
741 1390 875 1456 konnen
905 1389 1106 1470 verrichten,
1132 1408 1249 1475 mogon
1278 1389 1320 1477 zij
1348 1390 1467 1458 alleen
1493 1392 1560 1459 rol-

322 1492 468 1580 brengen
485 1493 547 1583 (1).

354 1678 508 1733 Alexander
529 1678 679 1746 opiscopus,
702 1696 796 1733 servus
815 1696 955 1733 servorum
978 1678 1037 1742 Dei,
1061 1678 1168 1733 dilectis
1189 1677 1254 1733 filiis
1276 1677 1368 1747 priori
1390 1679 1558 1747 provinciali

321 1763 436 1816 fratrum
454 1763 671 1830 praelicatorum
690 1762 719 1816 in
738 1763 855 1816 Francia
866 1769 894 1817 et
905 1763 1058 1831 guardiano
1075 1765 1190 1817 fratrum
1202 1764 1345 1817 minorum
1356 1762 1559 1819 Parisiensien·

320 1843 400 1908 sium,
415 1846 528 1899 salutem
541 1851 568 1899 et
578 1846 752 1913 apostolicam
765 1847 988 1900 benedictionem.
1333 1866 1336 1871 ·

355 1926 426 1981 Prae
448 1927 554 1982 cunct-is
577 1927 675 1983 mentis
698 1933 806 1983 nostrae
833 1928 1058 1982 desiderabilibus
1087 1928 1237 1984 catholicae
1265 1927 1477 1986 incrementum
1498 1928 1558 1985 adsi

322 2010 486 2072 affectantes,
501 2011 585 2064 nimio
597 2011 691 2078 utique
707 2012 800 2065 dolore
812 2013 957 2078 replemur,
971 2028 1034 2064 curn
1045 2011 1172 2065 audimus
1182 2012 1289 2079 aliquos
1305 2012 1352 2067 vel
1369 2012 1508 2068 sentimus
1524 2010 1558 2067 ad

319 2092 394 2146 illius
416 2092 614 2160 depressionem
638 2110 800 2160 ‹praeunque
825 2093 996 2160 malignitate
1020 2098 1145 2161 satagere
1167 2094 1210 2147 vel
1239 2092 1451 2149 damnabilibus
1473 2094 1555 2162 ipnn

320 2175 492 2243 depravando
503 2175 757 2242 reprehensionibus
765 2179 814 2229 ant-
822 2175 1072 2239 detractationibus,
1081 2180 1109 2230 et
1117 2175 1324 2244 abrogabilibns
1333 2176 1554 2246 derogandam

322 2258 604 2311 commentiseandem
616 2258 790 2311 mendacibus
807 2259 995 2325 pervertendo,
1008 2259 1044 2311 ad
1060 2276 1177 2326 quorum
1196 2258 1293 2326 iniqua
1308 2262 1463 2315 sternenda
1481 2259 1552 2315 moli·
1591 2266 1593 2291 ¹

321 2340 397 2393 mina
420 2357 453 2394 eo
480 2340 628 2393 animosius
652 2340 811 2407 aspiramus,
842 2359 895 2407 cluo
924 2341 954 2395 in
981 2342 1137 2396 animarum
1159 2348 1281 2410 stragem
1306 2342 1492 2411 perniciosius
1509 2360 1551 2397 cos

322 2422 510 2489 cognoscimus
522 2422 687 2489 conspirare.
702 2421 781 2477 Unde
798 2423 862 2489 qnia
875 2423 903 2476 in
926 2423 1064 2491 aliquibus
1086 2424 1210 2492 perh'bus
1229 2424 1310 2493 regni
1331 2424 1470 2481 Franciao
1486 2424 1546 2480 adeo

321 2502 490 2558 infidelitatis
510 2521 588 2557 error
607 2504 731 2567 invaluit,
745 2506 817 2572 quod
838 2504 875 2558 ibi
894 2505 1119 2573 quamplurimis
1136 2504 1181 2559 ria
1197 2505 1323 2561 veritatis
1334 2523 1450 2574 prorsus
1466 2503 1544 2562 aversi

321 2594 431 2640 urentes
441 2604 490 2654 per
501 2587 610 2641 derium
622 2587 748 2641 falsitatis
765 2587 905 2654 pestiferas
922 2589 957 2640 ad
975 2589 1185 2642 concutiendum
1201 2589 1353 2644 ortodoxae
1364 2606 1474 2645 murum
1488 2587 1539 2643 noe

322 2670 462 2724 machinas
482 2672 674 2725 construebant
691 2671 832 2724 molientes
849 2672 937 2739 ipsum
955 2673 1096 2726 fallacium
1107 2673 1380 2740 argumentationum
1392 2670 1534 2739 impulsibus

322 2754 462 2819 demoliri3
476 2752 721 2820 sedisapostolicae
733 2752 876 2820 diligentia
887 2760 982 2808 contra
994 2754 1091 2808 talium
1103 2755 1223 2807 dolosam
1232 2754 1375 2817 astutiam,
1385 2771 1421 2809 nc
1430 2750 1530 2807 diffusus

320 2840 441 2904 serperet
468 2836 578 2889 morbus
607 2834 665 2897 iste,
695 2835 844 2889 remedium
868 2834 994 2890 adhibuit
1017 2839 1209 2903 opportunum,
1229 2835 1379 2890 instituens
1399 2835 1456 2889 illic
1472 2833 1525 2887 viret

320 2919 440 2979 idoneos,
451 2915 569 2985 'quorum
592 2917 705 2971 honesta
725 2917 893 2971 conversatio
914 2919 1068 2985 exemplum
1088 2916 1221 2971 tribueret
1243 2917 1375 2986 puritatis
1393 2923 1422 2973 et
1441 2914 1532 2973 omdllt

306 2992 309 2996 Α
320 3000 394 3053 labia
405 3001 557 3053 doctrinam
567 3000 711 3054 funderent
722 3001 878 3061 salutarem,
889 3005 920 3053 ut
931 3018 1008 3053 sacro
1019 3000 1142 3068 ipsorum
1151 2999 1304 3055 ministerio
1313 3002 1529 3069 praesetnem

321 3084 356 3138 ab
374 3083 529 3149 huiusmodi
550 3082 677 3149 contagio
689 3087 881 3151 purgarentur.
896 3083 931 3135 Et
953 3082 1017 3137 licet
1039 3083 1138 3137 horum
1160 3084 1262 3137 dnmtu
1285 3084 1411 3139 homines
1431 3078 1528 3151 pardum

320 3165 467 3217 earundem
484 3165 512 3216 in
533 3169 635 3217 rectam
652 3164 775 3218 semitam
793 3164 848 3219 sint
858 3165 954 3219 directi
967 3170 993 3219 et
1010 3182 1059 3232 per
1075 3165 1125 3219 hos
1136 3167 1236 3220 multos
1247 3165 1284 3220 sit
1301 3165 1403 3222 ibidem
1419 3158 1526 3233 period&

322 3247 470 3309 obviatum,
484 3246 623 3313 cupientes
640 3250 731 3300 tamen
753 3246 843 3311 anxie,
858 3253 887 3300 ut
910 3248 1050 3315 negotium
1073 3248 1142 3302 inibi
1166 3250 1229 3302 fidei
1249 3248 1313 3319 Jugi
1332 3238 1525 3317 prosecuntur

323 3330 434 3382 omnino
450 3329 597 3387 erroribus,
612 3329 708 3381 lortius
731 3330 909 3393 convalescat,
923 3331 1038 3399 vigilare
1060 3333 1094 3384 ad
1118 3333 1170 3385 hoc
1193 3349 1242 3400 per
1265 3349 1315 3387 nos
1339 3338 1367 3389 et
1385 3333 1450 3387 alios
1463 3324 1525 3397 ΝΜ

321 3414 447 3468 solertius
463 3430 613 3480 possumus,
626 3431 680 3466 non
693 3431 840 3477 cessamus;
852 3418 879 3468 et
892 3417 970 3469 modo
991 3415 1065 3469 circa
1085 3416 1202 3483 idipsum
1214 3434 1246 3471 eo
1257 3416 1400 3472 studemus
1408 3408 1523 3471 numm·

323 3514 376 3564 qno
402 3495 571 3550 carissimum
589 3495 617 3547 in
642 3495 749 3549 Christo
770 3496 857 3550 tilium
876 3505 997 3551 nostrum
1018 3499 1151 3552 illustrem
1175 3516 1269 3567 regom
1290 3498 1425 3553 Francius
1444 3498 1524 3551 ion&

321 3579 419 3633 tiorcm
437 3580 567 3632 sentimus
578 3579 612 3631 ad
632 3579 704 3632 idem
728 3580 866 3646 negotium
888 3582 1035 3636 efficaciter
1054 3582 1278 3650 promovendum.
1291 3610 1326 3621 —
1346 3582 1437 3645 Quane
1454 3573 1525 3633 htblb

321 3659 515 3713 deliberatione
527 3659 695 3728 providimus
707 3660 806 3714 ibidem
820 3663 854 3714 ad
867 3678 993 3728 praesens
1005 3681 1132 3730 personas
1148 3664 1255 3731 aliquas
1272 3663 1480 3731 circumspectas
1490 3668 1526 3725 1³¹⁰

321 3750 398 3800 tarrto
410 3744 519 3812 negotio
532 3745 670 3811 deputare.
684 3744 755 3807 Quia
767 3745 854 3813 igitur
865 3746 898 3799 de
915 3746 1097 3810 solicitudine,
1111 3745 1256 3814 prudentia
1267 3750 1296 3801 et
1315 3742 1530 3800 industriosam

323 3828 430 3881 firmum
448 3827 477 3880 in
495 3827 610 3880 Domino
628 3827 755 3880 fiduciam
776 3828 936 3892 obtinemus,
950 3846 998 3881 sos
1020 3832 1149 3895 tanquam
1170 3829 1241 3883 inter
1260 3828 1332 3882 alios
1352 3821 1533 3897 praelectoris

322 3910 461 3978 praedicto
480 3926 566 3975 regno
586 3908 620 3960 ad
640 3909 797 3963 instantiam
815 3910 929 3977 praelati
948 3912 1020 3978 mgis
1038 3913 1072 3964 nd
1090 3912 1141 3965 hoc
1158 3910 1287 3964 duximus
1302 3907 1535 3979 deputandoscdis·

322 3991 442 4046 cretione
458 3995 562 4043 restrae
580 4005 628 4056 per
644 3989 791 4055 apostolica
808 3991 908 4057 scripta
925 3990 1047 4046 districte
1070 3991 1262 4059 praecipiendo
1290 3992 1454 4047 mandantes
1472 4006 1504 4045 ac
1517 3988 1542 4044 in
1591 4008 1593 4013 ’

321 4072 507 4127 remissionem
525 4070 601 4122 vobis
622 4072 807 4136 peccaminum
827 4073 1008 4141 injungentes,
1020 4080 1152 4141 quatenus
1162 4073 1190 4126 in
1205 4072 1323 4128 caritate
1336 4074 1399 4140 Dei,
1411 4073 1545 4129 hominum

321 4159 420 4210 timore
429 4153 583 4223 postposito,
597 4153 724 4208 uirtutem
736 4155 847 4223 spiritus
857 4155 998 4210 induentes
1009 4175 1041 4210 ex
1051 4158 1116 4219 alto,
1128 4154 1316 4223 Inquisitionis
1325 4156 1455 4212 officium
1463 4162 1549 4213 contu

318 4359 322 4366 ¹
353 4385 387 4446 (l)
397 4381 520 4434 Deaelide
532 4380 664 4433 bnlvindt
674 4379 797 4432 menoch
808 4386 860 4434 met
872 4379 1416 4449 dedngteekeningvan900tober1256
1424 4384 1555 4439 (Manen

319 4483 353 4521 en
367 4466 488 4527 Durand,
506 4462 664 4517 Thesaurus
680 4463 888 4526 airecdotorum,
902 4465 960 4518 deel
978 4464 1010 4523 V.
1030 4465 1080 4518 blz.
1101 4468 1173 4518 1814.
1189 4491 1224 4502 -
1243 4461 1388 4528 Potthast,
1407 4465 1463 4522 blz.
1487 4470 1555 4531 lael,

322 4560 351 4604 nr
361 4549 461 4612 looll.)
