3188 5408
684 565 783 623 ANNO
803 564 878 620 1373
1346 561 1395 620 227

147 732 152 747 ·
198 691 325 772 dommi,
337 707 372 762 ad
388 706 561 775 extirpandos
577 706 607 760 in
626 707 750 775 partibus
765 707 866 762 eisdem
881 703 1015 773 quoslibet
1032 702 1183 758 haereticos
1200 706 1227 759 et
1243 703 1397 773 specialiter

202 780 231 836 tl
239 784 402 844 eliminandos
410 794 438 844 et
447 790 623 844 destruendos
629 789 664 843 de
674 788 764 843 medio
776 786 897 841 fidelium
909 785 1087 854 particulares
1095 789 1181 839 sectas
1190 785 1396 854 Beghardorum

147 873 149 879 '
203 867 417 942 theutonum,
441 891 510 941 quae
532 872 681 942 plurimum
702 872 732 926 in
754 870 943 927 Allemenniac
965 869 1088 938 partibus
1110 869 1248 937 padulem
1269 869 1399 924 dicuntur

147 944 150 1005 ἕ
203 942 295 1015 baton
309 956 472 1024 instigante:
494 972 543 1010 nos
560 954 661 1024 itaque,
675 959 706 1009 ut
716 953 842 1018 validius,
861 953 1042 1021 praestantius
1052 956 1080 1006 et
1096 950 1233 1006 efficacius
1245 952 1399 1019 praedictus

147 1027 150 1111 ἶ
202 1027 411 1094 maloleone
428 1037 457 1093 in
474 1043 530 1093 tam
547 1043 640 1093 sancto
659 1042 769 1106 tamque
780 1036 884 1091 salubri
900 1035 990 1090 officio
1006 1035 1104 1090 melius
1122 1035 1267 1103 procedere
1284 1040 1312 1090 et
1328 1035 1400 1090 idem

147 1114 151 1183 i
200 1114 347 1176 cadumin
366 1121 419 1177 hec
438 1126 516 1190 parte
533 1120 585 1175 sibi
602 1120 775 1175 commissum
792 1118 876 1188 possit
892 1116 988 1173 utilius
1003 1135 1130 1173 exercere
1150 1116 1179 1171 in
1200 1118 1320 1172 favonem
1336 1117 1400 1173 fidei

147 1209 150 1265 j
197 1201 332 1264 medere
343 1203 519 1267 orthodoxae,
532 1203 624 1258 animo
640 1202 798 1267 deliberato,
816 1219 850 1257 ex
862 1205 937 1256 certa
953 1204 1046 1256 nostra
1063 1199 1177 1255 scientia
1194 1216 1227 1254 ac
1245 1198 1401 1269 principum

195 1287 334 1339 amorum
354 1286 500 1341 accedente
519 1285 640 1351 consilio,
662 1284 826 1339 auctoritate
843 1282 980 1352 imperiali
1001 1283 1092 1338 omnia
1115 1280 1269 1352 privilegia,
1291 1285 1400 1348 statuta,

192 1364 293 1432 gratim,
310 1367 503 1438 indulgentias,
517 1367 708 1436 exemptiones,
727 1365 913 1421 immunitates
929 1370 957 1421 et
973 1365 1111 1421 libertates
1122 1384 1172 1435 per
1181 1385 1290 1423 sacrum
1301 1368 1401 1423 Roma·

189 1459 241 1501 rum
261 1449 417 1518 imperium,
431 1467 481 1519 per
500 1469 549 1505 nos
560 1451 685 1519 priusec
704 1466 754 1518 per
769 1449 845 1504 divos
862 1449 1078 1517 praedecessore
1090 1455 1195 1505 nostros
1214 1450 1400 1519 imperatores,

187 1524 301 1586 illustres
310 1550 418 1601 quoque
428 1550 507 1602 reges
519 1534 714 1598 Romanorum,
728 1533 870 1596 Franciae,
884 1533 1020 1597 Boemiae,
1033 1533 1159 1602 Angliae,
1173 1533 1292 1601 Siciliae,
1305 1535 1401 1604 llispa-

186 1610 246 1678 riae,
276 1614 421 1683 Unger-iae,
447 1615 640 1680 Normandiae,
665 1614 774 1678 Daciae,
796 1613 927 1669 Poloniae
948 1633 980 1668 ac
1003 1614 1148 1683 principes,
1171 1618 1262 1683 duces,
1287 1618 1400 1684 nobiles,

185 1698 324 1759 pressais
340 1713 373 1750 ac
392 1712 442 1764 per
460 1714 636 1765 quoscunque
656 1699 843 1765 cujuscunque
864 1696 1028 1751 conditionis
1046 1696 1174 1763 existunt,
1196 1718 1335 1756 concessas
1355 1719 1403 1756 seu

184 1775 255 1831 datas
271 1779 357 1834 officio
367 1777 555 1847 Inquisitionis
565 1795 612 1832 seu
627 1776 835 1846 inquisitoribus
845 1776 1045 1832 haereticorum
1057 1777 1272 1849 quibuscumque
1283 1783 1402 1851 quando·

184 1875 301 1928 cumque
315 1862 471 1928 ubicunque
490 1865 518 1915 et
537 1861 751 1929 quotiescunque
767 1858 797 1912 in
808 1859 909 1923 Ytalia,
923 1859 1013 1914 Gallia
1029 1863 1056 1914 et
1072 1860 1219 1915 Germania
1234 1863 1278 1917 vel
1295 1863 1403 1931 quibus·

184 1955 293 2010 cunque
307 1943 367 1998 aliis
383 1942 452 1998 locis
468 1960 516 1997 seu
534 1943 629 1996 mundi
647 1928 779 2011 partibus,
793 1941 960 2010 conjunctim
971 1942 1014 1996 vel
1033 1941 1151 2008 divisim,
1165 1962 1214 2013 pro
1231 1945 1304 1999 dicto
1320 1947 1405 2002 fratre

184 2021 308 2081 iohanne
323 2026 484 2094 inquisitore
500 2026 672 2090 innovamus,
691 2025 872 2094 approbamus
891 2031 919 2080 et
936 2025 1128 2080 confirmamus
1145 2044 1178 2081 ac
1194 2027 1225 2081 in
1240 2046 1290 2083 suo
1306 2031 1404 2084 robore

184 2107 309 2163 volumus
324 2126 492 2178 permanere,
512 2108 654 2176 ipsumque
673 2107 867 2176 inquisitorum
886 2107 1046 2177 privilegiis,
1062 2109 1178 2174 statutis,
1191 2110 1297 2180 gratiis,
1314 2111 1404 2167 indul·

185 2190 295 2258 pestiis,
310 2192 533 2262 exemptionibus,
555 2191 727 2246 libertatibus
743 2209 776 2245 ac
795 2191 920 2245 omnibus
936 2197 964 2246 et
980 2190 1096 2260 singulis
1112 2192 1268 2261 hujusmodi
1285 2196 1405 2263 gaudere

186 2272 310 2329 volumus
319 2277 398 2345 pleno
410 2278 475 2344 jure
486 2279 514 2329 et
530 2273 708 2328 nihilominus
719 2272 876 2341 hujusmodi
892 2272 1038 2343 privilegia
1049 2274 1141 2329 omnia
1150 2280 1179 2330 et
1189 2275 1307 2345 singula,
1320 2277 1404 2344 impe·

187 2352 247 2406 riali
262 2359 418 2413 auctoritate
430 2357 568 2421 innovata,
580 2357 738 2424 approbata,
749 2355 910 2409 confirmata
920 2358 948 2410 et
959 2373 1085 2410 concessa
1096 2374 1145 2425 pro
1157 2357 1266 2412 insertis
1274 2358 1406 2413 habemus

153 2469 157 2476 ·
190 2435 323 2496 othehem
333 2443 467 2505 volumus,
480 2439 537 2494 acsi
553 2456 649 2494 eorum
665 2437 834 2493 continentia
851 2437 1025 2506 ipsorumque
1041 2443 1114 2494 totus
1131 2443 1211 2494 tenor
1226 2441 1260 2495 de
1277 2442 1360 2495 verbo
1371 2441 1406 2496 ad

191 2516 301 2575 verbum
314 2524 342 2577 in
359 2521 546 2592 praesentibus
562 2525 652 2576 essent
667 2520 772 2585 inserti,
787 2520 1021 2575 nonobstantibus
1038 2522 1154 2591 legibus,
1162 2521 1282 2591 juribus,
1295 2540 1405 2577 consue·
1509 2553 1521 2569 ·

192 2595 324 2658 hdinibus
344 2623 391 2660 scu
415 2603 522 2660 statutis
543 2603 689 2658 mannis
711 2603 935 2672 quibuscumque,
960 2604 1059 2671 quibus
1085 2605 1115 2658 in
1143 2610 1275 2672 quantum
1295 2606 1406 2661 obviare

194 2689 299 2744 imunt
308 2686 500 2755 praesentibus,
512 2685 543 2740 in
559 2690 646 2741 totum
658 2686 701 2740 vel
717 2685 810 2753 aliqua
826 2684 869 2738 sui
886 2690 976 2754 partes
987 2686 1020 2742 de
1032 2691 1106 2742 certa
1117 2687 1231 2743 scientia
1247 2694 1275 2744 et
1290 2689 1405 2758 impera-

196 2758 279 2819 lol'lae
287 2769 420 2836 potestatis
431 2770 601 2838 plenitudine
611 2771 782 2839 derogamus,

222 2841 320 2908 Vemm
337 2873 401 2909 cum
420 2855 510 2910 dictus
528 2854 675 2923 inquisitor
691 2854 871 2919 libertatibus,
890 2855 1052 2924 privilegiis,
1070 2855 1175 2925 gratiis,
1189 2854 1405 2924 exemptionibus

147 2930 149 2971 2
200 2922 400 3007 absumentes
410 2937 440 2992 in
452 2938 573 2992 favorem
582 2938 665 2993 officii
677 2939 818 3003 concessis,
829 2938 908 2993 factis
919 2943 947 2993 et
956 2939 1026 2993 datis
1037 2957 1069 2992 ac
1081 2938 1257 3007 imperatoria
1265 2942 1404 3006 potestate,

147 2994 152 3081 'i
201 3008 417 3084 Ulpmsmittitur,
431 3020 598 3075 confirmatis
609 3021 644 3074 ad
655 3021 765 3088 plenum
777 3020 818 3075 uti
833 3024 860 3075 et
878 3021 998 3089 gaudere
1010 3038 1064 3075 non
1076 3021 1160 3089 possit
1175 3024 1203 3076 et
1218 3020 1271 3075 sibi
1282 3020 1406 3074 commis·

147 3084 154 3143 i
202 3101 251 3143 ΜΠ
269 3096 577 3170 Inquisitionisofficium
587 3103 699 3157 realiter
715 3120 849 3167 exercere,
863 3102 915 3156 nisi
933 3107 1070 3158 certorum
1087 3107 1227 3172 potentum
1238 3106 1407 3158 conservato·

147 3146 152 3231 i
203 3181 255 3226 mm
273 3181 395 3239 fulciatur
410 3184 523 3248 auxilio,
538 3184 679 3252 signanter
695 3183 814 3247 illorum,
837 3201 953 3252 quorum
973 3184 1094 3252 potentia
1113 3189 1140 3239 et
1159 3182 1260 3240 'virtute
1280 3185 1404 3240 extermi-

147 3234 153 3379 ι
203 3260 289 3315 Maon
301 3266 439 3330 baeretici,
456 3267 631 3334 corrigantur
647 3271 675 3321 et
694 3266 845 3334 puniantur
861 3284 974 3330 errores,
988 3284 1021 3320 ac
1038 3268 1149 3335 quaevis
1165 3267 1268 3321 dictum
1285 3269 1406 3322 officium

147 3384 149 3426 l
203 3327 368 3417 hmiddonis
385 3349 576 3404 concernentia
586 3349 739 3403 executioni
756 3350 862 3403 debitae
874 3353 1001 3417 poterunt
1018 3351 1184 3414 demandari,
1197 3351 1317 3405 volentes
1331 3351 1404 3405 dicto

147 3438 150 3503 ξ
203 3424 338 3485 ln(illisitori
354 3437 382 3487 ct
398 3433 487 3486 officio
503 3431 689 3499 Inquisitionis
699 3431 846 3485 salubriter
856 3432 1007 3498 providere,
1020 3450 1068 3486 vos
1084 3433 1308 3500 archiepiscopos,
1322 3433 1404 3487 duces

203 3497 339 3590 et§turritas
354 3514 523 3582 supradictos
539 3519 566 3568 et
583 3514 730 3580 quemlibet
748 3517 867 3566 vestrum
885 3513 1032 3566 insolidum
1053 3531 1184 3578 creamus,
1204 3514 1402 3577 constituimus,

201 3578 341 3649 ⁰¹fl1112mus
359 3601 387 3650 et
406 3595 520 3649 tacimus
540 3596 573 3650 de
593 3603 667 3649 certa
684 3595 798 3649 scientie
813 3600 842 3649 et
862 3596 992 3649 Caesarea
1009 3600 1139 3662 potestate
1160 3600 1361 3650 conservatores
1377 3600 1406 3650 et

201 3649 336 3728 defenebres
354 3677 421 3730 dicti
441 3675 608 3743 inquisitoris
625 3680 652 3729 et
671 3675 753 3729 officii
773 3675 959 3743 Inquisitionis
976 3673 1080 3730 necnon
1098 3676 1220 3730 omnium
1236 3677 1402 3741 libertatum,

199 3747 394 3836 benilonem,
407 3758 622 3826 privilegiorum,
640 3757 793 3826 gratiarum
810 3762 837 3812 et
854 3757 1022 3812 indultorum
1039 3764 1094 3813 tam
1113 3760 1202 3814 officio
1219 3760 1406 3828 Inquisitionis

216 3835 339 3894 ulllsrnodi
357 3859 439 3908 quam
454 3841 506 3894 sibi
522 3842 656 3904 datorum,
674 3842 895 3894 confirmatorum
915 3859 963 3894 seu
983 3842 1185 3908 quomodolibet
1205 3859 1402 3906 concessorum,

199 3915 382 3978 eonllrrittentes
390 3924 466 3978 vobis
474 3942 506 3977 ac
518 3924 630 3977 cuilibet
641 3929 760 3977 vestrum
769 3941 801 3976 ac
811 3924 926 3977 firmiter
934 3930 961 3978 et
972 3924 1093 3979 districte
1104 3927 1261 3980 mandantes
1270 3931 1403 3995 quatenus

198 3994 295 4057 e¹1111uc
310 4006 337 4060 in
354 4012 434 4062 antea
449 4011 587 4073 tamquam
599 4011 799 4059 conservatores
811 4023 843 4057 ac
855 4006 1008 4060 defensores
1019 4008 1053 4060 ad
1065 4007 1116 4060 hoc
1133 4008 1295 4062 auctoritate
1307 4010 1401 4063 Cacsa-

197 4072 238 4148 ‚oea
261 4079 375 4154 deputati
396 4092 487 4142 nostro
506 4093 532 4141 et
552 4087 660 4155 imperii
680 4087 789 4141 nomine
809 4093 890 4154 atque
913 4087 972 4140 vice
995 4089 1098 4143 dictum
1118 4090 1230 4143 fratrem
1252 4089 1405 4143 iohannem

196 4155 373 4226 equiem
395 4189 443 4239 per
463 4171 596 4226 dioeceses
616 4170 784 4238 supradictas
804 4170 833 4223 in
852 4170 986 4225 universis
1007 4171 1084 4236 locis
1108 4171 1223 4240 singulis
1246 4171 1410 4240 privilegiis,

195 4239 412 4318 ⁰⁰¹¹0essionibus
442 4252 563 4316 indultis,
593 4252 772 4316 libertatibus
793 4252 903 4320 juribus
926 4257 953 4305 et
975 4253 1073 4321 gratiis
1095 4257 1152 4307 tam
1175 4271 1304 4321 personae
1326 4271 1408 4320 quam

191 4300 372 4409 hqlfisitionis
383 4334 472 4390 officio
484 4333 684 4402 quomodolibet
701 4333 833 4388 concessis
850 4337 877 4387 et
894 4333 963 4387 datis
985 4351 1090 4388 necnon
1107 4334 1137 4388 in
1153 4334 1320 4389 assecutione
1340 4334 1410 4387 reali

188 4384 284 4463 (tibae
296 4416 377 4483 partis
389 4417 512 4471 omnium
524 4417 657 4471 bonorum
670 4415 812 4469 mobilium
823 4419 850 4470 et
868 4414 1049 4469 immobilium
1068 4415 1190 4469 omnium
1202 4420 1229 4470 et
1240 4415 1410 4483 singulorum

182 4461 388 4554 haereticorum
400 4500 606 4569 Beghardorum
617 4503 644 4553 ct
656 4495 843 4566 Beghin'aruru
855 4515 904 4566 per
914 4498 1001 4553 dictas
1011 4498 1145 4553 dioeceses
1156 4497 1313 4565 ubicunque
1324 4515 1413 4566 reper-

178 4546 279 4628 t⁰¹⁹¹¹¹¹1
303 4586 329 4636 et
347 4583 570 4651 reperiendorum
594 4581 741 4636 secundum
764 4585 884 4635 tenorem
908 4581 1116 4647 apostolicarum
1137 4581 1279 4636 literarum
1299 4580 1414 4650 desuper
