3194 5408
526 119 731 181 ANN01273,
753 122 829 173 1275
1250 125 1298 176 139

105 270 159 319 un,
183 257 355 326 appellatione
380 256 539 324 postposita,
568 258 776 324 compescendo,
800 260 863 313 Non
885 260 1054 315 obstantibus
1079 259 1216 328 aliquibus
1241 260 1296 329 pri·

100 337 186 407 n'lcgiis
204 341 243 394 rel
261 339 451 408 indulgentiis,
479 339 686 406 quibuscunque
708 340 830 408 personis
855 342 975 410 cujusvis
1000 343 1176 407 conditionis,
1203 343 1292 411 digni-

94 420 145 474 tatis
165 423 203 476 vel
221 423 337 492 gradus,
355 421 496 489 religionis
512 422 556 475 vel
573 421 676 475 ordinis
705 427 734 477 et
761 423 919 490 praesertim
943 424 1134 488 cisterciensis,
1159 424 1295 492 praedica·

89 503 182 567 101001,
206 504 341 559 minorum
368 521 416 558 seu
444 503 619 558 eremitarum
648 504 705 559 sive
732 506 974 560 communitatibus
1004 508 1048 561 vel
1075 507 1297 562 universitatibus

84 581 214 641 civitatum
239 604 272 641 ac
296 588 421 641 locorum
443 586 598 655 specialiter
624 588 667 641 vel
693 588 859 655 generaliter
884 591 934 641 sub
963 607 1124 656 quacunque
1151 591 1296 644 verborum

79 669 241 734 expressione
256 670 300 724 vel
318 670 406 723 somna
422 686 439 722 a
455 673 605 723 memorata
617 671 679 723 sede
697 671 829 724 concessis
847 671 890 724 uel
907 669 935 723 in
955 677 1090 739 posterum
1108 667 1295 734 concedendis,

78 748 181 803 etiamsi
191 751 296 805 (1100100
311 751 342 804 in
359 750 423 814 illis,
434 751 505 818 quod
523 750 562 803 eis
579 767 627 817 per
646 751 752 818 aliquas
770 752 862 804 literas
875 757 962 806 totum
983 753 1016 805 de
1037 754 1119 816 verbo
1130 753 1165 806 ad
1185 754 1297 806 verbnm

78 831 195 887 tenorem
214 851 267 888 non
287 831 457 887 continentes
479 831 686 900 privilegiorum
711 833 753 884 vel
783 832 1016 899 indulgentiarum
1040 833 1159 901 ipsarum
1184 838 1299 900 nequeat

77 906 201 982 derogari
216 920 242 970 et
259 915 315 969 illis
331 914 449 969 maxime
461 914 613 982 privilegiis
629 919 656 968 et
673 914 861 982 indulgentiis,
874 916 973 982 quibus
984 917 1019 968 ab
1037 915 1096 983 ipsa
1112 917 1173 968 sede
1191 933 1298 969 conces·

79 1010 134 1050 sum
163 1006 201 1055 est
222 1018 268 1054 seu
292 1001 459 1054 concedetur
485 999 621 1065 deinceps,
646 999 717 1066 quod
745 998 976 1051 excommunicari
1000 1000 1042 1052 vel
1066 1000 1185 1066 ipsorum
1208 1004 1297 1053 terrae

81 1082 191 1147 sllppoui
206 1100 256 1136 000
274 1082 379 1150 possint
392 1080 575 1135 ecclesiastico
593 1079 747 1141 interdicto,
761 1084 810 1134 aut
826 1097 880 1133 000
899 1079 1100 1147 praedictorum
1120 1081 1163 1135 vel
1180 1082 1297 1135 aliorum

12 1190 16 1196 ·
85 1165 244 1220 nuomnlibet
272 1164 401 1218 ordinum
429 1165 527 1217 fratres
555 1164 590 1215 ad
617 1161 790 1217 executiones
813 1162 985 1230 negotiorum
1010 1169 1038 1216 et
1065 1164 1100 1216 ad
1122 1164 1298 1219 excitationes

88 1247 254 1310 111οω011101,
266 1247 324 1301 sive
340 1245 548 1300 denuntiationes
570 1244 766 1298 sententiarum
790 1243 1086 1307 excommunicationis,
1105 1247 1296 1313 suspensionis,

10 1344 22 1355 ⁸
91 1323 126 1375 tel
142 1326 271 1384 inteulicti
288 1329 451 1384 auctoritate
472 1329 614 1382 literarum
635 1327 845 1393 apostolicarum
864 1326 976 1381 minime
993 1326 1055 1393 cogi
1073 1327 1184 1394 possint,
1199 1328 1251 1381 nisi
1263 1330 1297 1382 de

13 1411 23 1441 '⁷'
46 1406 49 1411 ’
96 1399 196 1469 'litorum
210 1412 350 1466 ordinibus
366 1417 394 1466 et
410 1411 562 1480 privilegiis
578 1411 621 1464 vel
638 1410 816 1478 indulgentiis
832 1409 872 1464 eis
888 1426 971 1477 super
987 1409 1040 1463 boc
1056 1427 1073 1463 a
1089 1411 1150 1464 sede
1163 1413 1297 1467 concessis

10 1498 23 1531 ³
48 1478 53 1495 ¹
100 1488 174 1546 111010
183 1493 309 1550 habeatur
325 1495 355 1550 in
372 1495 473 1548 eisdem
490 1493 577 1548 literis
594 1492 696 1547 mentio
713 1492 855 1559 specialis3
868 1510 931 1546 cum
949 1509 982 1546 ex
999 1492 1155 1558 hujusmodi
1172 1496 1216 1549 vel
1235 1494 1297 1548 aliis

15 1575 17 1578 ’
45 1566 63 1653 ἰ
103 1571 224 1647 nivilagiis
244 1580 287 1632 vel
309 1577 489 1646 indulgentiis
509 1578 616 1631 nullum
642 1575 718 1629 vobis
741 1575 771 1628 in
793 1580 884 1630 tantae
911 1575 1019 1643 pietatis
1042 1577 1151 1644 negotio
1172 1579 1299 1632 volumus

105 1655 241 1717 obtentum
252 1663 390 1730 interponi
408 1665 435 1716 01
451 1661 643 1716 constitutione
656 1660 690 1714 de
701 1659 806 1712 duabus
818 1659 898 1713 dietis
910 1660 984 1714 edita
995 1659 1024 1712 in
1036 1659 1153 1714 concilio
1166 1663 1297 1729 generali.

127 1737 208 1798 Datim
222 1747 293 1815 apud
311 1745 414 1799 Urbem
434 1744 569 1808 Veterem,
594 1742 647 1796 XII
671 1741 801 1796 kalendas
822 1740 900 1806 Maii,
925 1741 1098 1810 pontificatus
1120 1744 1206 1798 nostri
1225 1761 1297 1800 0000

101 1825 202 1881 secundo.

332 1932 557 2002 Ripou,de011‚
579 1932 629 1985 blz.
649 1934 706 1996 512,
730 1943 760 1985 nr
780 1933 820 1985 12.
848 1931 991 1996 (Potthast,
1014 1933 1127 1997 deelll,
1149 1935 1199 1987 blz.
1222 1937 1295 1998 1669,

365 2027 396 2071 0τ
407 2016 509 2080 20120.)
518 2043 552 2053 -
563 2015 633 2067 Deae
645 2014 692 2068 bul
704 2013 727 2066 is
738 2031 804 2068 eene
821 2015 931 2077 twaede,
950 2014 1155 2069 vermeerderde
1171 2032 1206 2069 en
1225 2032 1296 2069 soms

294 2156 299 2163 ,
366 2097 550 2166 omgewerkte
562 2096 673 2165 uitgave
691 2097 740 2150 der
756 2097 804 2150 bul
815 2113 868 2149 nan
879 2097 1034 2151 Alexander
1045 2095 1084 2150 IV
1095 2099 1137 2162 (13
1149 2099 1298 2152 December

365 2183 447 2246 1255).
458 2179 506 2235 Ζ10
516 2196 581 2234 onze
593 2190 633 2233 nr*
643 2183 691 2233 132
702 2183 802 2233 00111.

641 2410 731 2476 144.

118 2611 224 2688 1273,
244 2611 348 2697 April
363 2612 420 2688 29,
443 2592 588 2679 omaro.
607 2613 668 2679 Bul
685 2634 749 2679 van
764 2609 945 2694 Gregorius
962 2609 994 2674 X
1018 2607 1147 2693 gericht
1167 2611 1218 2675 101
1233 2609 1296 2675 den

64 2716 164 2803 prior
178 2714 236 2781 der
251 2714 489 2800 predikheeren
507 2721 539 2780 te
555 2715 674 2802 Parijs,
695 2735 746 2780 om
770 2714 844 2778 hem
866 2718 901 2778 te
918 2711 1054 2778 bevelen
1070 2732 1125 2776 zes
1142 2711 1296 2777 broeders

61 2821 178 2906 zijner
193 2819 268 2884 orde
283 2821 333 2884 als
357 2818 570 2902 inquisiteurs
598 2817 633 2883 in
661 2817 718 2884 het
744 2815 937 2902 koninkrijk
964 2813 1140 2899 Frankrijls
1171 2836 1235 2880 aan
1262 2820 1296 2882 te

63 2922 203 2989 stellen.
223 2922 274 2989 llit
290 2921 428 3009 gebeurt
443 2941 483 3007 op
499 2941 667 3006 aanvraag
683 2941 746 2986 van
764 2919 889 3003 koning
906 2918 1030 3002 Philips
1046 2918 1105 2983 Ill.

101 3120 183 3173 Prae
198 3123 299 3172 caudis
318 3127 431 3172 nostrae
450 3121 580 3172 mentis...
602 3119 704 3172 Datum
722 3119 800 3188 apud
824 3119 922 3173 Urbem
941 3119 1072 3180 Veterem,
1094 3117 1141 3170 Ill
1155 3116 1295 3170 kalendas

63 3203 157 3266 Maii,
169 3201 344 3270 pontificatus
354 3203 444 3254 nostri
455 3218 530 3254 anno
542 3201 674 3254 secunda.

331 3329 455 3383 Muttine
466 3343 500 3380 en
512 3326 634 3389 Durand,
650 3324 808 3379 Thesaurus
821 3325 1027 3389 anecdotorum,
1040 3327 1099 3380 dael
1111 3326 1144 3389 V,
1158 3326 1208 3378 blz.
1221 3327 1293 3377 1822.

363 3409 507 3475 (Potthast,
526 3408 586 3461 deel
603 3408 638 3471 ll,
658 3408 707 3460 blz.
728 3411 800 3471 1669,
820 3419 849 3461 nr
867 3411 968 3473 20721.)
979 3438 1011 3446 -
1029 3409 1068 3462 De
1085 3405 1296 3473 bcwoordingen

364 3495 443 3546 dener
452 3492 500 3544 bul
511 3493 564 3557 ziJ'n
573 3490 663 3543 schier
671 3490 790 3544 dezellde
800 3491 840 3543 als
848 3489 893 3544 die
901 3508 954 3543 van
964 3490 997 3544 de
1007 3492 1055 3544 bul
1064 3508 1116 3544 van
1127 3491 1249 3545 Clemens
1261 3488 1299 3543 lV

364 3579 406 3640 (26
418 3573 552 3628 Februari
565 3574 647 3637 1266).
662 3573 708 3626 Zie
720 3573 824 3642 liooger
836 3591 885 3627 ons
897 3584 926 3627 nr
940 3578 996 3627 111.

645 3804 734 3871 145.

119 4007 222 4083 1275,
247 4011 352 4095 April
371 4011 402 4088 1,
422 4009 587 4074 Daoruik.
614 4010 658 4072 De
689 4006 880 4091 magistrari
905 4004 974 4070 dier
997 4001 1069 4068 stad
1092 3999 1298 4065 vernordeelt

64 4109 229 4181 Mathilde
249 4112 387 4179 Billarde
409 4117 460 4179 tot
484 4132 545 4177 een
566 4112 641 4197 J'aar
668 4109 905 4195 bullingschap,
925 4111 975 4173 tot
991 4125 1071 4171 eene
1087 4102 1238 4189 geldboet
1255 4122 1295 4168 en
