3194 5408
627 521 727 577 ANNO
746 522 821 575 1431

160 889 267 969 1431,
293 885 485 956 November
508 885 542 965 9,
567 884 727 950 Brasrel.
761 880 861 947 Bevel
883 900 949 947 ran
976 880 1095 966 hertog
1121 879 1245 966 Philips
1268 899 1332 946 van

111 992 318 1079 Bourgondi‘e
333 990 462 1078 gericht
477 992 528 1056 tot
540 988 580 1054 de
595 985 746 1074 baljuws,
767 985 926 1051 schouten
939 1005 979 1050 en
992 984 1113 1051 andere
1126 982 1333 1051 ambtenaars

111 1095 217 1183 zijner
232 1094 352 1162 landen
367 1093 401 1160 in
416 1093 457 1160 de
468 1091 668 1159 bisdommen
684 1087 854 1176 Kamerijk
870 1109 911 1155 en
930 1087 1010 1155 Luik
1026 1088 1177 1174 gelegem
1195 1084 1331 1176 waarbij

112 1198 159 1286 hij
181 1197 248 1264 hen
275 1200 444 1264 vermaant
466 1195 528 1262 den
553 1193 749 1282 predikheer
776 1191 926 1259 Hendrik
948 1191 1121 1279 Kaleyser,
1140 1190 1336 1278 inquisiteur

112 1299 259 1367 ioordie
285 1298 378 1366 beide
402 1296 614 1378 bisdommen,
640 1297 676 1363 in
692 1297 749 1363 het
773 1294 951 1381 vervolgen
966 1293 1025 1360 der
1047 1293 1174 1363 ketters
1202 1293 1335 1361 kracht·

112 1402 211 1490 dadig
225 1406 259 1471 te
273 1403 405 1490 helpen.
424 1441 468 1452 -
484 1402 529 1489 Zij
556 1403 684 1468 moeten
711 1398 787 1465 hem
814 1399 896 1485 goed
920 1397 1077 1465 onthalcn
1100 1417 1141 1464 en
1168 1398 1276 1465 zullen
1304 1396 1336 1463 al

112 1506 275 1593 degenen,
293 1505 344 1573 die
359 1505 405 1594 hij
432 1506 500 1573 hun
521 1505 572 1570 zal
595 1502 789 1590 aanwijzen‚
807 1501 1014 1581 aanhouden,
1032 1499 1187 1569 bewaren
1208 1522 1248 1568 en
1273 1498 1334 1567 ook

113 1629 197 1676 naar
218 1608 382 1676 behooren
411 1606 559 1687 straffen,
587 1606 698 1673 indien
722 1605 761 1671 de
785 1605 980 1690 inquisiteur
1006 1605 1072 1671 hen
1098 1604 1240 1691 plichtig
1263 1623 1336 1670 ver·

112 1710 236 1780 klaart.
254 1712 300 1778 De
315 1711 435 1797 hertog
458 1715 568 1777 neemt
591 1708 821 1777 doarenboven
844 1708 907 1775 den
931 1707 1125 1793 inquisiteur
1148 1713 1213 1774 met
1227 1707 1336 1794 ziJnen

114 1814 219 1901 gezel,
239 1814 348 1908 ziJnen
363 1815 500 1895 notaris,
519 1814 606 1900 ziJne
621 1812 787 1879 knechten
803 1832 845 1878 en
859 1812 945 1899 aiJne
960 1811 1123 1897 goederen
1136 1812 1239 1878 onder
1250 1810 1336 1899 nijne

114 1917 221 2004 hooge
235 1916 462 2003 bescherming
478 1938 519 1986 en
535 1917 686 1983 verleent
701 1916 770 1981 hun
783 1916 816 1982 in
832 1915 919 2002 zijne
935 1914 1054 1982 landen
1071 1935 1132 1981 een
1149 1914 1336 1982 uitzonder·

115 2019 394 2108 lijkviijgeleide.
771 2110 773 2113 Ι

149 2157 293 2227 Philippus
311 2158 445 2214 universis
464 2164 491 2214 et
510 2158 626 2228 singulis
644 2157 826 2221 seneschallis,
854 2156 981 2223 baillivis,
1003 2156 1133 2223 scultetis,
1152 2155 1292 2211 officiariis
1311 2157 1339 2212 et

112 2240 275 2316 justiciariis
286 2241 384 2296 nostris
395 2240 581 2308 praesentibus
592 2246 619 2296 et
630 2240 729 2294 futuris
737 2244 765 2294 et
774 2240 988 2295 locatenentibus
997 2241 1153 2295 eorumdem
1165 2257 1214 2309 per
1224 2242 1338 2296 ducatus

115 2327 144 2378 et
159 2322 298 2377 districtus
314 2326 419 2376 nostros
435 2322 509 2376 infra
520 2323 646 2390 dyocescs
659 2322 879 2376 cameracensem
891 2325 919 2376 et
936 2322 1111 2376 Leodiensem
1123 2322 1292 2387 constitutos,
1305 2322 1340 2376 ad

115 2421 185 2472 quos
195 2408 348 2472 praesentes
359 2408 465 2458 nostrae
476 2404 583 2458 litterae
594 2403 775 2472 pervenerint,
789 2404 903 2456 salutem
915 2407 942 2456 et
953 2420 1032 2456 omne
1044 2405 1155 2458 bonum.
1253 2472 1256 2479 ,

151 2486 220 2540 Cum
229 2486 373 2555 religiosus
384 2488 552 2555 dilectusque
564 2492 654 2541 noster
665 2489 750 2540 frater
761 2486 918 2555 [Henricus]
930 2487 1068 2554 Kaleyser,
1081 2503 1175 2541 sacrae
1186 2486 1340 2555 theologiae

116 2568 252 2635 professor
274 2568 377 2622 ordinis
396 2570 512 2624 fratrum
535 2569 763 2637 praedicatorum,
787 2568 933 2636 inquisitor
952 2568 1104 2623 haereticae
1128 2568 1269 2637 pravitatis
1291 2586 1340 2637 per

115 2649 312 2718 provincialem
334 2651 491 2718 provinciae
515 2651 682 2706 Theotoniae
705 2651 735 2704 in
760 2650 906 2718 praedictis
929 2651 1116 2706 cameracensi
1144 2657 1172 2706 et
1197 2651 1339 2707 Leodiensi

116 2731 275 2799 dyocesibus
291 2734 453 2789 auctoritate
464 2734 612 2802 apostolica
628 2732 782 2800 specialiter
798 2733 942 2801 deputatus
958 2750 1008 2801 pro
1024 2732 1074 2788 Dei
1092 2733 1202 2788 servitio
1218 2737 1246 2788 et
1262 2734 1338 2788 cultu

116 2831 165 2868 seu
176 2815 339 2869 exaltatione
357 2821 466 2871 sanctae
485 2815 548 2870 fidei
568 2816 743 2879 orthodoxae,
756 2819 840 2882 utque
859 2815 948 2882 ipsum
968 2816 1087 2870 haeresis
1104 2816 1207 2872 crimen
1225 2834 1242 2871 a
1258 2817 1339 2873 dictis

115 2895 241 2963 partibus
251 2896 350 2963 quibus
360 2895 535 2964 presidemus,
548 2896 571 2949 si
588 2897 680 2950 forsan
690 2895 792 2949 alicubi
803 2895 896 2963 vigeat
907 2913 954 2950 seu
966 2895 1075 2962 inoleat,
1090 2898 1180 2954 valeat
1190 2898 1336 2966 extirpare,

116 2975 153 3029 ad
171 2976 232 3031 loca
248 2995 295 3032 seu
311 2982 401 3046 partes
418 2983 526 3032 nostrae
538 2978 724 3047 jurisdictioni
741 2980 875 3047 subjectas
892 2982 920 3033 et
937 2979 1011 3032 vobis
1029 2982 1184 3035 commissas
1201 2982 1338 3036 dechnam

117 3058 260 3127 quisquam
276 3061 375 3116 habeat
392 3078 439 3115 seu
456 3060 538 3115 etiam
554 3060 706 3128 proficisci3
725 3077 826 3128 nosque
842 3062 917 3115 velut
934 3061 1058 3129 princeps
1070 3063 1228 3127 catholicus,
1242 3064 1289 3131 qui
1305 3065 1339 3119 de

117 3157 201 3195 manu
213 3142 345 3197 Altissimi
362 3144 449 3197 multa
466 3145 537 3197 bona
548 3143 691 3210 variosque
702 3142 818 3197 honores
834 3143 1053 3212 recognoscimus
1067 3144 1200 3213 recepisse
1216 3145 1247 3200 in
1263 3162 1339 3213 prae·

116 3223 199 3277 dictis
213 3229 242 3279 et
260 3225 340 3293 aliis;
358 3225 405 3293 qui
424 3225 549 3279 divinum
561 3225 690 3279 continuo
707 3224 865 3292 obsequium
880 3226 1048 3293 complacere
1065 3230 1096 3281 ut
1112 3226 1239 3281 convenit
1255 3227 1339 3295 pluri·

120 3323 197 3359 mum
209 3307 347 3375 cupientes
365 3307 539 3371 intendimus,
552 3325 615 3374 ymo
632 3311 660 3362 et
675 3308 799 3361 volumus
816 3308 993 3362 favorabilem
1009 3309 1075 3363 dare
1090 3308 1187 3370 locum,
1198 3309 1340 3378 ipsumque

120 3388 310 3455 inquisitorem
326 3395 456 3458 tanquam
468 3390 517 3444 Dei
534 3391 677 3458 specialem
689 3389 843 3444 ministrum
855 3391 953 3445 nostris
970 3391 1096 3459 prosequi
1112 3391 1209 3458 gratiis
1224 3395 1252 3445 et
1267 3392 1340 3444 favo·

121 3470 198 3524 ribus
215 3475 356 3538 optamus3
376 3472 438 3525 ideo
455 3471 531 3525 vobis
547 3478 574 3525 ct
595 3470 706 3525 cuilibet
723 3476 850 3534 vestrum,
864 3471 911 3539 qui
928 3489 1009 3539 super
1024 3472 1077 3526 hoc
1093 3473 1200 3528 fueritis
1216 3472 1341 3540 requisiti

121 3569 169 3606 seu
191 3551 275 3608 fuerit
296 3552 451 3619 requisitus,
474 3553 596 3607 districte
624 3552 813 3620 praecipiendo
835 3554 995 3608 mandamus
1019 3557 1070 3609 sub
1097 3557 1208 3610 obtentu
1236 3555 1342 3622 gratim

122 3639 230 3690 nostrae
252 3640 384 3703 quatenus
406 3636 510 3689 dictum
533 3637 645 3689 fratrem
668 3634 817 3689 Henricum
842 3636 1039 3702 inquisitorem,
1064 3638 1286 3706 quotiescumque
1307 3638 1342 3692 ad

122 3719 302 3774 exercendum
313 3720 416 3774 dictum
428 3719 547 3773 officium
560 3719 594 3771 ad
605 3718 679 3772 dicta
694 3720 755 3771 loca
772 3735 819 3772 seu
837 3725 926 3786 partes
937 3720 1013 3774 vobis
1024 3723 1179 3776 commissas
1196 3721 1343 3789 contigerit

121 3820 150 3856 se
161 3803 309 3856 transferre
319 3807 347 3857 et
360 3819 442 3871 supra
453 3803 598 3872 praedictis
609 3801 748 3855 saeculare
760 3801 903 3854 brachium
914 3801 1065 3857 invocando
1077 3808 1197 3858 vestrum
1208 3802 1342 3857 auxilium

121 3886 270 3954 postulare,
288 3886 411 3939 eumdem
432 3884 620 3953 inquisitorem
640 3883 826 3937 favorabiliter
845 3884 993 3940 admittatis
1013 3891 1040 3941 et
1059 3886 1146 3941 eidem
1166 3886 1196 3939 in
1215 3891 1242 3940 et
1261 3901 1344 3953 supra

121 3966 269 4035 praedictis
279 3967 418 4022 saeculare
429 3966 573 4021 brachium
585 3965 735 4019 invocando
746 3970 865 4020 vestrum
877 3966 1011 4020 auxilium
1028 3968 1198 4036 impendatis,
1212 3966 1342 4034 capiendo

122 4066 170 4103 seu
182 4049 243 4116 capi
255 4049 379 4103 faciendo
388 4066 572 4116 quoscumque
584 4046 640 4115 ipse
652 4046 797 4114 inquisitor
805 4047 896 4101 debita
907 4047 1098 4104 informatione
1108 4067 1156 4103 seu
1168 4048 1343 4116 inquisitione

121 4131 233 4199 praevia
250 4135 277 4185 et
289 4130 362 4200 juris
380 4132 474 4185 ordine
490 4132 558 4185 alias
571 4132 686 4197 desuper
702 4131 842 4183 observato
854 4130 887 4185 de
904 4136 1052 4186 memorato
1069 4132 1189 4185 facinore
1207 4134 1343 4198 suspectos

122 4213 166 4267 vel
177 4212 329 4267 diffamatos
341 4213 447 4266 noverit
463 4218 488 4267 et
506 4212 656 4266 haereticos
667 4227 787 4278 quosque
798 4210 874 4264 robis
885 4211 993 4266 duxerit
1010 4212 1196 4275 nominandos,
1209 4217 1236 4266 et
1252 4215 1343 4278 captos

122 4293 205 4347 etiam
227 4293 380 4358 detinendo,
404 4299 430 4348 ot
458 4294 530 4347 infra
547 4292 768 4362 jurisdictionem
790 4297 906 4347 vestram
934 4294 969 4348 ad
997 4294 1097 4358 locum,
1124 4295 1157 4349 de
1179 4311 1233 4362 quo
1256 4292 1343 4347 dictus

121 4376 268 4445 inquisitor
278 4377 354 4433 vobis
370 4377 470 4432 dixerit
487 4378 651 4440 deducend0,
665 4392 771 4430 necnon
788 4392 874 4443 poena
890 4377 981 4432 debita
998 4378 1138 4446 plectendo
1150 4377 1257 4432 cosdem
1273 4375 1343 4429 sicut

120 4458 180 4527 ipse
190 4459 341 4514 decreverit
358 4464 386 4514 et
405 4465 445 4514 est
464 4459 524 4513 fieri
544 4461 710 4521 consuetum,
724 4455 747 4510 si
763 4455 890 4513 videlicet
906 4459 1014 4534 quando
1031 4464 1059 4515 et
1075 4459 1199 4528 quotiens
1215 4475 1248 4513 ac
1262 4459 1343 4526 prout

121 4540 181 4608 ipse
191 4539 336 4609 inquisitor
346 4559 394 4597 vos
405 4541 514 4597 duxerit
527 4540 711 4629 requirendos.
