3188 5408
578 496 680 555 ΑΝΝΟ
698 499 774 555 1151
1263 503 1297 558 ³5

106 706 113 718 ⁸
129 620 250 689 Omnian
258 634 381 705 legitime
391 635 483 692 decisa
504 638 585 693 modo
597 638 730 695 avaritiae
741 643 827 706 motu,
840 638 921 697 modo
931 641 1081 697 memoriae
1090 641 1198 698 delectu
1208 641 1296 698 solent

105 707 331 799 gothonielem
341 719 442 773 reverti
453 724 480 774 et
495 721 604 789 saepius
619 722 716 789 averti,
729 739 780 790 ego
797 721 935 788 Nicotaus,
949 722 1000 778 Dei
1016 723 1108 792 gratia
1119 723 1297 779 Cameracen-

111 804 167 842 ΒΜ
175 794 309 882 thiaoopus,
321 801 396 869 quod
411 801 441 857 in
456 802 534 858 ouria
551 809 644 858 nostra
657 803 816 863 solemniter
827 811 917 859 actum
930 811 980 872 est,
992 806 1094 874 scripto
1110 806 1296 861 commendari

113 883 250 935 embulbus:
262 883 368 939 seilicet
383 886 454 953 quod
474 885 558 940 Jonas
574 887 604 940 in
621 887 782 943 consistorio
801 895 902 952 nostro,
915 905 978 942 oum
995 887 1121 943 abbatam
1133 889 1294 944 Hildebran·

115 949 165 1006 dun
172 955 200 1013 lt
207 963 262 1020 leth
278 983 361 1034 super
371 968 536 1034 possessione
553 968 587 1024 de
605 968 760 1024 llembeoke
776 971 878 1025 minori
898 970 1084 1038 interpellaret
1105 975 1133 1024 et
1143 976 1253 1025 vocaret
1264 970 1294 1024 in

112 1035 155 1121 lut
167 1047 189 1097 tt
203 1054 230 1103 nt
245 1066 388 1118 personam
408 1052 545 1118 praefatae
564 1053 695 1107 ecclesiae
710 1071 739 1106 se
757 1071 886 1118 asserens,
905 1054 1105 1109 restitutionem
1122 1053 1296 1122 possessionis

112 1119 237 1211 Qtlouns,
249 1131 404 1187 testimonio
418 1132 573 1188 litterarum
585 1135 701 1189 Aruoldi
718 1135 896 1200 coloniensis,
911 1135 1013 1190 llellini
1027 1134 1197 1191 'trevirensis
1207 1135 1298 1190 arohi-

6 1209 8 1213 ’
110 1212 277 1279 hampomm,
304 1212 417 1269 Haurioi
439 1220 467 1269 et
484 1215 634 1270 Alexandri
655 1216 853 1285 episcoporum,
874 1217 947 1284 quod
971 1216 1100 1272 incuria
1121 1216 1243 1285 ipsorum
1264 1217 1299 1273 de

106 1275 223 1348 clitorum
240 1293 347 1348 haeresi
364 1294 504 1350 conmotus
523 1299 551 1350 et
569 1296 743 1352 anathemate
763 1296 909 1352 damnatus
929 1297 991 1362 tuit,
1015 1298 1093 1353 nobis
1112 1296 1298 1366 significatum

99 1364 119 1415 ‘i
135 1376 272 1440 probamin
294 1383 353 1445 est3
371 1386 515 1448 eapropter
530 1379 808 1435 communicatorum
824 1380 938 1436 ecclesia
956 1386 1049 1435 nostra
1060 1379 1183 1446 oonsilio,
1193 1381 1297 1448 praela·

92 1444 143 1508 ‘lm
157 1457 249 1516 donam
270 1465 400 1527 tanquam
419 1462 561 1529 putridum
577 1462 730 1516 membrum
747 1462 781 1518 de
797 1479 911 1531 corpore
928 1462 1028 1517 Christi
1048 1461 1171 1516 aboiaum
1193 1467 1221 1517 et
1235 1461 1298 1518 ideo

7 1560 10 1577 =
85 1539 207 1597 vanitas
217 1542 406 1599 ecclesiasticis
416 1544 557 1600 beneflciis
574 1545 728 1614 indiguum,
743 1563 777 1600 ne
788 1546 822 1599 da
833 1551 940 1601 caetero
951 1561 1033 1614 super
1048 1544 1101 1600 hoc
1117 1544 1269 1611 audiretur,
1282 1564 1300 1600 a

78 1611 167 1676 ”⁰b1's
183 1623 395 1692 exsufflavimus,
413 1627 506 1682 abbati
528 1629 660 1695 praefato,
677 1629 725 1695 qui
745 1627 941 1695 impetebatur,
967 1645 1027 1682 earn
1045 1627 1186 1682 ecelesiam
1209 1629 1300 1697 quiete

70 1702 268 1762 moenam
290 1713 318 1763 et
335 1708 488 1764 habendam
508 1709 538 1764 in
554 1717 714 1778 perpetuum
732 1711 922 1765 concedentes.
948 1710 975 1766 S.
1000 1710 1104 1774 Alardi,
1130 1709 1161 1764 S.
1179 1745 1188 1762 ·
1206 1748 1215 1765 .
1233 1745 1241 1764 .
1261 1747 1270 1766 .
1288 1747 1296 1766 .

65 1782 281 1858 achiman,
306 1791 339 1846 S·
365 1790 491 1860 Hugonia
512 1792 624 1858 decani,
648 1793 679 1848 S·
705 1793 843 1851 Willelmi
866 1810 957 1863 mag.,
982 1791 1138 1859 Hewrardi,
1167 1794 1301 1861 Anselmi,

59 1857 197 1931 lobeni
208 1875 413 1932 canonicorum.

343 1973 457 2028 Carolus
469 1972 625 2028 Ludovious
637 1972 728 2042 Hugo,
743 1971 858 2027 Ordinis
868 1970 1155 2029 Prmmmasbatm
1171 1973 1298 2040 anneta,

370 2056 430 2111 dael
442 2057 464 2121 l,
481 2055 669 2120 Probationes,
685 2055 736 2110 col.
750 2053 928 2111 cccccxu.
973 2071 977 2076 ’

657 2213 724 2280 34.

120 2372 231 2450 1157,
250 2370 380 2439 Raima.
400 2370 581 2439 Uittreksal
597 2371 647 2437 uit
669 2370 709 2437 de
727 2370 987 2457 verordaningan
1007 2391 1071 2438 van
1088 2371 1146 2438 het
1160 2365 1302 2439 Concilla

48 2491 157 2539 ran
174 2475 293 2554 Raima,
312 2474 392 2540 door
412 2474 475 2541 dan
499 2473 742 2560 aartshissohop
765 2474 899 2541 Samson
925 2473 1108 2560 gabundan,
1139 2495 1219 2540 over
1245 2474 1302 2541 hat

54 2576 215 2647 straten
231 2578 291 2645 der
305 2577 444 2645 kettena.
462 2616 504 2628 -
528 2580 573 2645 De
597 2576 838 2663 aar-tsbissohop
855 2576 1034 2658 rarlrlaart,
1053 2578 1111 2645 dat
1125 2577 1203 2644 daza
1217 2578 1301 2644 laat-

61 2680 163 2746 sten
181 2682 322 2770 (Pipdeii
344 2702 385 2748 en
408 2682 658 2762 Manichaea‘rsl
683 2671 786 2747 onder
808 2681 848 2747 de
871 2681 985 2772 lagare
1006 2681 1158 2762 standan,
1188 2681 1301 2748 roural

69 2781 185 2852 under
199 2786 240 2854 de
253 2805 395 2865 wevera,
414 2784 551 2851 woedan
567 2806 608 2852 en
625 2785 709 2851 elom
726 2787 792 2852 met
807 2804 1103 2870 rrouwsparsouen
1116 2783 1303 2851 rondzwer·

74 2900 162 2951 ten.
177 2889 235 2956 0m
250 2888 363 2955 zuiver
375 2887 568 2974 (corbaran)
580 2893 612 2955 ta
629 2888 789 2976 schijnau,
804 2907 999 2974 verwerpen
1011 2888 1052 2976 zij
1070 2887 1127 2955 het
1144 2886 1303 2975 huwelijk

82 3001 130 3048 tn
150 2988 281 3058 laveren
304 2991 376 3058 zich
399 3012 461 3058 aan
487 2991 612 3058 allerlai
636 2991 774 3059 ontucht
793 3012 881 3057 ovar.
902 2991 1066 3077 Degener,
1087 2990 1137 3056 die
1159 2990 1253 3057 aldus
1269 2989 1302 3055 in

88 3095 232 3182 presspel
255 3095 363 3176 leven,
386 3095 494 3161 zullen
519 3095 630 3161 hunne
653 3094 816 3181 goaderen
840 3100 969 3163 moetan
994 3094 1170 3175 verliezen,
1193 3093 1304 3160 indien

92 3186 127 3275 2ij
139 3199 334 3266 rolharden.
353 3199 399 3266 De
419 3197 660 3265 hoofdmannen
683 3197 742 3264 der
764 3201 854 3266 secte
870 3201 999 3264 moeten
1019 3201 1069 3265 tot
1092 3197 1304 3281 levenalange

94 3303 285 3388 aevangenis
308 3321 481 3369 verwezen
504 3302 653 3382 worden,
677 3302 776 3390 teuzij
801 3301 841 3368 de
864 3299 1108 3386 aartsbissohop
1131 3300 1199 3367 hun
1224 3319 1304 3366 eene

90 3408 146 3485 tog
175 3408 344 3492 atraugare
368 3404 455 3472 straf
474 3405 622 3491 oplegge.
642 3405 762 3472 Hunne
785 3405 995 3491 aanhangers
1010 3404 1116 3471 zullen
1135 3423 1175 3489 op
1191 3403 1214 3469 ’t
1229 3423 1307 3470 aan-

85 3504 217 3580 rezicht
229 3507 484 3596 gebraudmerkt
499 3508 634 3575 worden
659 3529 698 3575 en
720 3507 905 3595 gebennen.
923 3508 987 3574 Zoo
1003 3506 1044 3594 zij
1069 3505 1303 3592 terugkeeren,

80 3617 159 3690 mag
190 3610 332 3680 iaderean
355 3633 392 3678 ze
414 3611 620 3690 aanhouden,
646 3611 693 3679 dit
718 3615 767 3678 tot
793 3611 905 3678 hunna
920 3609 1160 3695 boetedoaning
1187 3631 1229 3676 en
1256 3612 1307 3676 tot

77 3708 252 3783 eaniaders
273 3714 538 3801 versohrikking.
569 3716 646 3783 Wie
669 3714 753 3802 zijne
781 3714 940 3781 onsahuld
967 3713 1024 3780 wil
1050 3711 1224 3802 hewijzen,
1254 3711 1304 3778 zal

74 3813 134 3879 tot
152 3810 199 3881 de
211 3820 302 3904 proal
311 3838 377 3887 van
393 3818 451 3885 hat
467 3818 615 3905 gloeiend
631 3819 712 3907 ijzer
723 3817 910 3903 toegelaten
922 3816 1070 3884 worden.
1165 3872 1168 3888 .

554 3972 575 4027 1.
593 3972 635 4026 na
648 3968 774 4040 rutero
785 3969 834 4038 (1).

124 4071 254 4143 Quonam
270 4047 457 4158 impurissima
467 4084 693 4143 Manichaeorum
704 4091 778 4142 secta
790 4084 1017 4155 tergiversatione
1032 4083 1139 4139 lubrica
1154 4085 1206 4140 sub
1217 4083 1306 4152 specie

87 4201 1288 4239 Α--ῄ--ι--ᾠ-

137 4261 171 4333 (ll
183 4267 281 4332 Ditwas
292 4294 343 4332 ean
359 4276 409 4332 der
426 4292 533 4342 namen,
545 4275 590 4330 die
601 4291 665 4329 men
676 4273 771 4328 alsdan
783 4290 836 4328 aan
852 4271 886 4327 de
897 4272 997 4327 lettera
1008 4270 1067 4339 gaf.
1083 4271 1114 4324 ln
1126 4269 1305 4325 Duitaohlaud

94 4352 203 4425 wiltu
217 4376 244 4414 aa
261 4358 357 4415 vooral
375 4356 528 4423 Cotiarem
551 4355 581 4411 in
597 4356 771 4411 Vlaandereu
791 4353 918 4424 Piphtli,
940 4354 970 4407 in
991 4352 1142 4420 Frankrijk
1168 4353 1307 4408 neaeram

98 4439 221 4517 (avant,
230 4449 290 4512 ragt
304 4441 431 4497 Martena
446 4438 767 4508 (Ver.n10n.,uee1v11,
780 4438 831 4493 bla.
850 4437 905 4505 lt).
919 4436 967 4492 Zia
982 4433 1078 4490 nooral
1095 4432 1227 4500 Schmidt,
1240 4432 1306 4488 His·

101 4516 217 4591 witti«
228 4522 369 4593 Comaru,
383 4525 445 4585 dael
456 4525 492 4592 11.
503 4523 556 4581 hle.
567 4527 683 4592 aretae,
695 4523 751 4580 aar
761 4520 802 4578 lea
812 4536 893 4578 norat
904 4519 939 4577 da
950 4518 979 4576 lo
989 4525 1068 4576 aete.
