3194 5408
603 550 704 605 ANNO
723 551 800 605 1423
1263 550 1311 603 303

77 693 150 745 ante
167 693 318 758 coeperunt
333 694 362 746 et
370 689 461 746 dicere
478 694 505 746 et
521 691 619 756 facere,
638 693 738 748 multos
754 690 902 746 monachos
918 688 1121 756 sacerdotesque
1136 685 1239 741 ociosos
1255 686 1311 741 suis

77 773 154 828 locis
175 773 321 841 expellere,
343 774 414 828 bona
438 774 549 828 illorum
572 775 699 843 diripere,
722 773 886 829 tumultuari
914 777 971 827 toto
998 789 1092 841 regno.
1119 770 1309 839 sigismundus
1337 847 1340 852 Ι

77 856 228 923 1163661116
249 855 375 909 omnibus
393 873 423 910 se
443 856 547 910 viribus
570 856 696 925 objicere,
715 857 761 911 sed
778 873 875 924 parum
892 857 1032 924 prolicere,
1051 861 1188 911 crescente
1204 857 1234 910 in
1252 856 1310 911 dies

76 937 272 1029 miserandum
289 938 320 992 in
338 938 450 992 modum
466 939 548 1002 malo,
573 943 604 993 ut
619 939 719 993 nostris
736 939 918 1006 (prohdolor)
935 937 1017 992 etiam
1037 955 1110 993 nune
1130 938 1311 1007 conspicimus

83 1021 188 1075 ocum·
348 1087 484 1156 Meyerus,
496 1087 620 1142 Annales
631 1088 798 1150 Flondriae.
811 1088 859 1142 fol.
873 1091 929 1142 264.

658 1310 750 1379 205.

131 1513 240 1592 1423,
267 1511 371 1599 Apro
393 1511 452 1590 22,
481 1512 624 1579 Keaen.
654 1514 835 1580 Uittreksel
864 1515 911 1581 uit
938 1515 978 1581 de
1005 1519 1151 1582 statuten
1178 1536 1242 1582 van
1270 1514 1310 1581 de

76 1618 212 1705 synode
226 1625 260 1684 te
275 1616 403 1680 Keulen
420 1614 500 1681 door
515 1615 578 1682 den
595 1616 836 1703 aartsbisschop
860 1618 1012 1685 Diederik
1029 1618 1211 1705 gehouden‚
1231 1639 1311 1686 over

77 1721 144 1788 het
161 1720 414 1787 onderdrukken
431 1740 496 1786 van
514 1720 553 1786 de
569 1720 746 1807 ketterijen
760 1721 819 1786 der
833 1721 1034 1789 Wicleffiten
1047 1742 1086 1787 en
1104 1722 1259 1788 Hussiten
1276 1724 1310 1789 in

77 1824 172 1910 zijne
188 1824 380 1911 geestelijke
392 1824 569 1908 provincie.
589 1863 632 1872 -
648 1824 699 1891 Na
715 1825 755 1889 de
769 1825 1019 1910 vereordeeling
1042 1845 1104 1890 van
1129 1825 1187 1891 het
1210 1827 1310 1911 Alga-

78 1948 182 1993 meen
202 1927 343 1994 Concilio
359 1947 424 1993 van
440 1927 602 1994 Constans
618 1933 717 2013 tegen
741 1927 793 1993 die
808 1929 985 2015 ketterijen
1003 1920 1159 1994 herhaald
1175 1934 1209 1995 te
1232 1929 1310 1994 heb-

77 2029 164 2112 ben,
182 2029 311 2096 beveelt
323 2030 363 2096 de
378 2030 630 2115 aartsbisschop,
651 2032 707 2097 dat
723 2031 763 2096 de
778 2032 904 2098 ketters
921 2052 962 2098 en
978 2033 1091 2097 hunne
1102 2032 1310 2117 aenhangers

78 2133 128 2221 hij
150 2133 213 2199 den
228 2133 381 2219 hisschop
397 2134 455 2199 der
471 2135 577 2220 plaats
594 2133 629 2200 of
642 2132 684 2221 bij
702 2133 741 2200 de
757 2135 937 2222 pauselijke
954 2135 1163 2220 inquisiteurs
1181 2141 1311 2201 moeten

79 2236 314 2323 aengeklaagd
330 2256 383 2316 en,
410 2257 468 2302 zoo
495 2238 534 2324 zij
560 2238 752 2318 volharden,
773 2239 851 2304 door
879 2240 937 2305 het
963 2238 1148 2325 wereldlijls
1175 2238 1311 2324 gerochi

79 2340 270 2426 uitgeroeid
285 2339 433 2406 worden.
452 2340 559 2407 Alwie
582 2341 695 2408 daarin
720 2341 931 2428 behulpzaam
954 2343 982 2408 is
1002 2342 1038 2407 ol
1050 2363 1112 2408 aan
1138 2341 1177 2406 da
1200 2361 1310 2427 gewa-

78 2443 193 2529 pende
214 2442 445 2510 kruistoehten
470 2449 568 2527 tegen
597 2444 636 2509 de
660 2447 786 2512 ketters
810 2447 1002 2525 deelneemt,
1030 2445 1179 2512 verdient
1206 2465 1309 2511 eenen

78 2545 187 2613 assaat
210 2566 274 2613 van
297 2547 425 2631 veertig
441 2546 558 2632 dagen.
579 2548 624 2612 De
652 2548 859 2633 suffraganee
888 2570 950 2614 van
979 2549 1041 2614 den
1069 2547 1310 2634 aartsbisschop

79 2649 224 2716 kunnen
250 2671 288 2716 er
313 2671 380 2737 nog
408 2650 529 2716 andere
557 2649 678 2715 afletan
695 2651 877 2738 bijvoegen.
898 2653 943 2717 De
960 2652 1129 2738 predikers
1152 2653 1261 2718 zullen
1278 2654 1312 2717 in

83 2754 204 2819 hunne
227 2774 418 2820 sermoenen
446 2754 505 2819 hat
529 2752 609 2819 'volk
637 2760 686 2820 tot
713 2755 816 2840 goede
839 2754 976 2823 werhen
999 2776 1182 2822 aanmanen
1211 2776 1252 2820 en
1273 2754 1312 2819 da

82 2856 247 2943 priesters
259 2857 367 2923 zullen
383 2857 416 2921 in
433 2857 472 2922 de
497 2857 692 2923 solemneela
708 2859 828 2924 missen
850 2859 1134 2945 geldomhalingen
1158 2858 1241 2924 doen
1258 2879 1310 2923 om

81 2961 154 3026 den
169 2959 285 3026 triomf
295 2960 354 3026 der
368 2961 461 3026 Kerk
477 2981 557 3026 over
571 2960 610 3025 de
625 2960 752 3027 ketters
769 2966 802 3027 te
819 2961 1046 3048 bespoedigen.

123 3148 177 3202 IX.
198 3147 299 3202 Contra
311 3135 453 3210 haereseo.
461 3152 632 3218 praesertim
654 3149 832 3218 Wiclefficom
844 3166 893 3203 seu
911 3150 1086 3204 Hmsilicam
1093 3165 1147 3217 per
1164 3147 1195 3200 id
1206 3156 1313 3217 tempus

82 3234 269 3285 saevientem.

123 3325 255 3380 Haereses
277 3327 530 3395 haereticorumque
553 3328 666 3382 loannis
689 3328 809 3392 Wicleff,
831 3327 944 3381 loannis
968 3329 1025 3381 Hus
1047 3332 1074 3382 et
1097 3327 1256 3395 Hieronymi
1278 3328 1312 3380 de

86 3413 187 3478 Praga
203 3411 339 3465 doctrinas
355 3430 482 3466 erroneas
499 3412 767 3475 anathematizamus,
780 3413 957 3478 reprobamus
974 3417 1001 3466 et
1017 3410 1138 3466 totaliter
1154 3412 1313 3464 condemna-

84 3514 163 3558 mus,
186 3501 331 3550 asserentes
352 3515 414 3549 cum
436 3498 557 3551 Concilio
579 3497 701 3565 generali
722 3496 929 3559 Constantiensi,
954 3497 1025 3563 quod
1044 3513 1137 3549 omnes
1158 3493 1314 3563 hujusmodi

84 3577 204 3632 articuli
220 3584 268 3632 aut
288 3584 351 3634 sunt
369 3579 476 3647 piarum
488 3580 596 3633 aurium
609 3579 731 3633 offensivi
743 3583 791 3633 aut
808 3579 928 3632 seditiosi
946 3584 991 3632 aut
1008 3578 1158 3633 scandalosi
1174 3578 1217 3631 vel
1228 3576 1313 3630 mani·

83 3665 160 3716 feste
180 3677 197 3712 a
215 3662 267 3714 lide
286 3662 357 3715 devii
378 3679 424 3715 seu
438 3680 590 3728 expressam
608 3661 741 3715 haeresim
762 3661 938 3724 continentes,
960 3664 1039 3727 prout
1057 3662 1086 3714 in
1106 3661 1239 3714 sententia
1258 3661 1314 3712 lata

85 3749 191 3799 eontra
202 3744 287 3797 dictos
299 3744 450 3797 haereticos
461 3750 488 3798 et
500 3745 620 3811 ipsorum
633 3760 759 3810 perverse
770 3744 899 3810 dogmata
911 3743 1016 3809 plenius
1027 3742 1188 3796 continetur.

126 3825 298 3892 Quapropter
317 3825 457 3879 universos
469 3831 496 3879 et
507 3825 629 3893 singulos
641 3825 775 3892 subjectos
787 3824 863 3877 nobis
876 3824 905 3877 in
917 3824 1017 3877 virtute
1028 3829 1136 3877 sanctae
1147 3823 1315 3876 obedientiae

83 3909 258 3977 requirimus
277 3915 303 3963 et
320 3909 359 3962 eis
376 3910 566 3977 praecipiendo
578 3910 746 3972 mandamus
760 3913 892 3974 quatenus
908 3910 936 3961 in
948 3908 1045 3975 spiritu
1057 3908 1165 3962 virtutis
1177 3908 1226 3961 Dei
1238 3925 1315 3961 esur

84 3996 198 4063 gentes,
212 3991 240 4044 in
258 3992 458 4058 praedictorum
470 3993 670 4046 haereticorum
687 4007 815 4057 sequaces
831 3996 880 4044 aut
897 3991 1016 4044 lautores
1033 3991 1075 4043 vel
1092 3995 1271 4056 receptatores
1289 3992 1316 4042 et

84 4093 190 4132 eorum
203 4076 355 4129 doctrinam
371 4078 514 4142 reprobam
531 4095 593 4128 cum
611 4073 749 4142 opusculis
765 4074 930 4137 memoratis
943 4073 1107 4142 ubicumque
1117 4074 1177 4126 illos
1189 4091 1236 4127 seu
1255 4073 1315 4125 illas

84 4157 241 4223 contigerit
260 4157 384 4225 reperiri,
405 4157 551 4224 diligenter
570 4157 715 4224 inquiratis
734 4156 1026 4223 nobisque,ordina1io
1044 4155 1096 4209 loci
1115 4159 1163 4207 aut
1181 4153 1264 4206 alicui
1283 4170 1316 4206 ex

82 4239 302 4308 inquisitoribus
313 4239 466 4292 haereticae
478 4239 619 4305 pravitatis
639 4239 672 4291 ad
691 4239 742 4291 hoc
759 4255 776 4289 a
787 4239 849 4290 sede
861 4237 1008 4303 apostolica
1024 4235 1157 4303 deputatis
1174 4236 1216 4287 vel
1234 4236 1315 4300 depu-

83 4322 184 4379 tandis
195 4320 316 4386 prodatis
334 4321 376 4372 vel
393 4321 517 4374 revoletis
534 4327 615 4387 atque
632 4321 767 4372 mediante
774 4318 891 4384 justitia,
905 4318 995 4372 sinon
1006 4318 1176 4385 resipuerint,
1190 4314 1314 4371 extermi-

82 4405 153 4460 nari
167 4404 285 4457 fideliter
298 4404 457 4470 procuretis.

125 4487 184 4539 Nos
195 4486 268 4539 enim
281 4484 406 4538 omnibus
425 4503 473 4552 per
491 4492 610 4540 nostram
628 4484 796 4552 provinciam
815 4485 977 4548 const'tutis,
998 4483 1124 4538 confessis
1141 4488 1169 4537 et
1186 4480 1317 4544 contritis,

84 4568 142 4643 qui
154 4569 253 4624 adhoc
265 4585 376 4636 operam
389 4568 535 4624 efficaciter
546 4568 669 4623 dederint
686 4572 734 4622 aut
745 4568 793 4635 qui
811 4566 841 4621 in
858 4567 1029 4636 expeditione
1039 4566 1208 4621 exercituum
1225 4568 1319 4619 contra
